2640 4650
520 299 777 366 EOBASIS.
1099 245 1161 366 ibi)

154 595 158 601 ,
249 529 316 589 lam
338 528 514 610 tempestivi
536 526 712 588 funduntur
732 527 847 589 vertice
870 511 949 597 caui,

142 634 205 694 475
249 633 387 696 Auribus
410 655 479 695 ecce
507 634 583 695 meis
611 634 741 697 inolevit
763 634 870 712 pluma
891 632 1005 709 senilis,

248 746 367 824 Aspera
385 749 448 821 jam
472 745 562 824 pellis
582 742 697 804 insedit
721 741 865 802 cruribus
885 741 961 817 istis,

249 848 348 912 Nocte
368 848 480 931 dieque
502 850 588 928 gravi
608 850 796 928 franguntur
818 869 910 908 crura
931 846 1050 924 dolore,

247 958 321 1021 Non
344 980 438 1021 cursu
462 960 620 1039 superabo
644 946 771 1035 canem,
798 966 856 1019 'nec
877 958 997 1022 viribus
1020 981 1141 1040 aprum,

249 1069 413 1131 Assimilor
436 1068 542 1145 cigno,
566 1080 741 1127 commutor
763 1087 895 1146 corpore
918 1079 996 1144 toto,

142 1179 205 1235 480
249 1174 416 1252 Covrrugor
438 1175 514 1233 felix
535 1173 630 1234 velud
653 1172 766 1232 assolet
784 1170 887 1231 indica
910 1171 1036 1240 cornix3

257 1284 361 1361 Prope
391 1282 491 1341 salute
512 1280 559 1340 tui
587 1281 751 1360 peragravi
777 1280 899 1340 climata
923 1261 1052 1341 mundi.’

251 1388 354 1470 Atque
375 1388 416 1447 ita
441 1387 605 1463 mentitur,
629 1385 672 1446 sic
696 1386 779 1447 veris
802 1387 879 1448 falsa
901 1387 1054 1450 remiscet.

253 1472 360 1558 Primo
384 1517 424 1557 ne
447 1494 604 1574 medium,
628 1493 731 1555 medio
754 1516 794 1554 ne
817 1495 972 1575 discrepet
994 1496 1102 1573 imum,

253 1607 401 1686 Prompta
424 1604 513 1687 sequi
526 1615 652 1665 'tortum
672 1603 786 1682 potius,
809 1625 903 1686 quam
926 1603 1027 1666 dicere
1049 1627 1169 1669 verum.

145 1717 208 1777 ’485
253 1715 381 1776 Flebilis
403 1714 461 1774 ista
485 1712 560 1773 feris
582 1712 699 1792 placuit
723 1713 877 1774 sententia
899 1714 1011 1794 vulpis,

252 1821 459 1885 Conclamant
479 1831 595 1880 omnes·
611 1820 789 1882 ‘veneretur
810 1821 953 1900 olimpica
977 1823 1108 1903 vulpes,'

252 1927 442 1988 Sternuntur
461 1910 615 2006 pedibus,
637 1948 695 1986 nec
716 1947 783 1988 sese
806 1942 944 2007 segregat
965 1931 1059 1991 ullus.

253 2034 425 2113 Postquam
447 2033 556 2093 labore
578 2034 665 2111 gravi
685 2046 827 2112 superest
848 2035 1006 2095 miseratio
1030 2039 1129 2120 vulpi,
1149 2114 1155 2121 .

203 2175 212 2190 ·
257 2133 414 2217 Principii
432 2141 480 2198 ira
502 2142 601 2220 perit,
624 2128 696 2200 nam
718 2141 823 2221 vulpis
844 2141 944 2220 gloria
966 2147 1084 2224 crescit,
1144 2122 1149 2131 .

150 2249 213 2309 490
257 2245 403 2307 Carmine
415 2248 547 2310 -soleuni
579 2246 745 2312 deducitur
767 2251 861 2315 obvia
882 2251 964 2330 regi3

256 2355 342 2415 Haec
363 2367 518 2435 sceptrum
542 2357 622 2435 regis
650 2356 746 2435 tetigit
770 2359 828 2418 sub
853 2356 979 2420 loedere
1000 2363 1096 2440 pacis,

257 2465 414 2545 Tempore
436 2465 479 2527 sic
500 2467 585 2546 pacis
607 2466 712 2527 iuerat
742 2487 810 2529 mos
833 2464 960 2545 regibus
981 2465 1053 2530 illis.

626 2575 687 2635 leo.

257 2683 378 2746 ‘Fulica
402 2701 482 2763 quae
509 2681 592 2740 misit
614 2678 812 2760 sollers[que]
835 2680 990 2743 industria
1012 2685 1108 2760 vexit,

256 2791 400 2853 Profecto
425 2787 463 2847 ad
486 2785 623 2847 medium
650 2800 822 2848 conventus
844 2789 1078 2852 silvicolarum.’

597 2900 717 2978 vulpes.
1016 2881 1018 2884 Ι

153 3005 216 3065 495
258 3001 363 3064 ‘Nolle
386 3022 490 3062 meum
518 2999 636 3080 dicam,
668 3001 873 3067 medicamina
896 3010 981 3082 jussa
1006 3009 1176 3089 requiram.

259 3109 406 3171 Summus
426 3129 539 3189 praeco
568 3109 691 3189 domus,
714 3131 905 3193 quamquam
931 3131 1019 3172 meus
1042 3113 1094 3175 ille
1121 3138 1176 3197 pa.

950 3218 1052 3279 trinus

258 3327 313 3388 Est
333 3328 427 3408 lupus
450 3327 501 3387 hic
523 3325 641 3403 dictus,
662 3327 842 3407 pastoribus
871 3346 971 3408 usque
992 3348 1134 3407 perosus,

258 3438 338 3498 Prae
360 3438 481 3499 foribus
505 3437 615 3513 curtis,
640 3458 680 3498 ne
701 3438 809 3498 turbet
832 3437 951 3499 viscora
973 3431 1065 3517 regis,
1109 3431 1111 3437 '

258 3546 340 3609 Sane
362 3546 516 3624 ducatur,
539 3547 593 3610 sed
616 3558 647 3607 et
666 3545 822 3625 unguibus
846 3547 1035 3608 excorietur.

157 3663 220 3724 500
261 3656 331 3718 Hoc
354 3658 444 3718 saciat
468 3657 558 3717 citius
579 3655 708 3733 geminis
741 3656 810 3714 'crim
834 3655 968 3716 lincibus
983 3656 1093 3716 ursus.

262 3762 313 3822 De
336 3765 464 3824 cerebro
485 3764 595 3843 piscis,
617 3764 749 3822 tuleram
771 3762 856 3843 quod
881 3765 1021 3842 partibus
1044 3762 1135 3839 indis,

260 3873 393 3934 llliniam
424 3855 571 3947 dorsum,
592 3889 701 3947 renes,
727 3871 820 3930 simul
842 3872 895 3931 ilia
919 3873 1046 3948 circum,

264 3978 367 4039 Renes
390 3981 507 4058 aegroti
526 3979 719 4059 stringentur
748 3981 829 4059 pelle
850 3984 978 4041 recenti.

266 4088 327 4146 Per
350 4087 483 4147 calidum
506 4090 605 4149 vellus
627 4098 788 4168 spargetur
816 4089 944 4149 morbus
968 4089 1096 4148 acutus.'

876 4198 948 4260 17*
