2640 4650
425 275 678 342 numos.-

248 512 294 571 Da
317 513 485 573 vitulorum
511 513 612 582 coriis,

249 621 300 680 De
319 622 491 684 vitularum
512 622 629 700 spoliis.

151 775 158 790 .
195 775 203 792 .
248 730 306 790 Hic
327 741 434 792 notter
455 750 575 810 pauper
599 730 713 789 uniboa

150 914 152 918 .
248 839 350 899 Habet
383 838 497 898 multos
522 837 679 912 denarios,

247 946 335 1023 Quos
362 966 426 1007 non
450 961 610 1010 mensurat
634 968 775 1021 numero,

246 1055 307 1118 Sed
331 1057 447 1118 serrato
470 1059 618 1118 sextario.

148 1204 199 1229 ,«.
244 1166 297 1228 Eat
321 1167 501 1227 fortunatus
525 1166 628 1225 subito

245 1273 348 1335 Unius
372 1273 461 1354 pellis
485 1275 596 1354 pretim

245 1380 348 1456 Quam
371 1380 512 1445 vendidit
534 1383 567 1442 in
592 1381 746 1462 proximo,

245 1492 367 1552 Eventu
396 1491 582 1552 felicissimo.

191 1646 198 1661 .
242 1600 315 1661 Non
339 1611 386 1661 eet
411 1619 492 1680 opus
514 1601 573 1659 sub
595 1595 746 1658 imbribus

241 1711 340 1768 Arare
364 1706 455 1769 uobis
478 1707 621 1788 amplius,

245 1818 279 1879 Si
303 1816 444 1898 probatis
465 1837 530 1878 una
551 1815 601 1878 die
688 1790 696 1804 .

244 1926 447 2005 Locupletem
470 1924 508 1984 de
531 1943 681 2002 paupere.

192 2079 200 2092 .
244 2030 304 2091 Sed
330 2028 416 2110 quod
441 2050 536 2090 narro
559 2031 780 2090 commercium

242 2137 409 2202 Occultum
429 2138 469 2199 rit
492 2159 549 2218 per
571 2137 728 2215 triduum3

242 2246 277 2307 Si
302 2259 478 2326 trapezetae
500 2259 654 2326 raperent,

243 2355 415 2431 Argentum
438 2373 601 2435 nunquam
625 2350 802 2411 tunderent.

189 2503 197 2520 .
241 2461 294 2521 Est
318 2461 397 2522 facta
418 2461 641 2524 demonstratio

239 2569 426 2631 commercii
448 2570 487 2632 de
511 2571 693 2646 commod03

242 2681 311 2741 Fiat
333 2678 526 2753 deliberatio,

240 2784 323 2858 Quid
347 2787 437 2847 nobie
460 2787 553 2847 sitin
576 2781 719 2847 auimoi'’

170 2941 195 2954 ..
241 2895 288 2956 Ad
315 2897 390 2957 haec
415 2897 575 2977 suspirant
597 2896 762 2976 presbyter

238 3005 330 3065 Prior
354 3002 515 3083 respondit
537 3004 679 3083 impiger,

243 3115 358 3174 Pieuua
381 3133 483 3174 novae
502 3112 638 3173 laetitiae

239 3223 408 3303 Plusquam
431 3221 529 3303 poerit
551 3217 727 3282 ostendere.

188 3379 194 3392 .
240 3330 274 3390 Si
297 3328 471 3391 imitaretur
493 3331 673 3405 uniborem‚

237 3437 348 3516 Uxor,
370 3460 465 3521 quam
488 3438 566 3500 duxi
588 3439 736 3510 nobilem,

238 3547 302 3608 Pro
324 3549 404 3610 tanti
424 3549 504 3609 lucri
529 3569 583 3629 ape
606 3551 690 3610 bona

235 3654 313 3714 Mox
335 3669 454 3718 careret
474 3659 650 3736 pellicula..

185 3805 193 3822 .
237 3761 318 3821 Mox'
341 3766 440 3838 major
461 3764 552 3823 villae
578 3763 697 3836 tertius,

235 3867 379 3929 Habendi
402 3869 452 3928 cui
475 3883 540 3930 n'on
563 3881 609 3931 est
630 3866 752 3942 modus,

236 3973 325 4046 Quae
348 3975 489 4057 concepit
510 3997 551 4038 ex
572 3977 678 4041 fabula

237 4082 396 4148 Eructavit
417 4084 576 4167 prodigia:

984 279 1048 344 359
1072 331 1073 336 ,

840 402 1048 413 —m--a—-n-
