<?xml version="1.0" encoding="UTF-8"?>
<!DOCTYPE html PUBLIC "-//W3C//DTD XHTML 1.0 Transitional//EN"
    "http://www.w3.org/TR/xhtml1/DTD/xhtml1-transitional.dtd">
<html xmlns="http://www.w3.org/1999/xhtml" xml:lang="en" lang="en">
 <head>
  <title>
</title>
<meta http-equiv="Content-Type" content="text/html;charset=utf-8" />
  <meta name='ocr-system' content='tesseract 3.04.00' />
  <meta name='ocr-capabilities' content='ocr_page ocr_carea ocr_par ocr_line ocrx_word'/>
</head>
<body>
  <div class='ocr_page' id='page_1' title='image "./lateinischegedi00schmgoog/lateinischegedi00schmgoog_0211.png"; bbox 0 0 2640 4650; ppageno 0'>
   <div class='ocr_carea' id='block_1_1' title="bbox 328 282 1111 370">
    <p class='ocr_par' dir='ltr' id='par_1_1' title="bbox 328 282 1111 370">
     <span class='ocr_line' id='line_1_1' title="bbox 328 282 1111 370; baseline -0.005 -18"><span class='ocrx_word' id='word_1_1' title='bbox 328 283 633 352; x_wconf 76' lang='lat' dir='ltr'><strong>uoouulttss</strong></span> <span class='ocrx_word' id='word_1_2' title='bbox 678 284 795 370; x_wconf 78' lang='lat' dir='ltr'><strong>fragm.</strong></span> <span class='ocrx_word' id='word_1_3' title='bbox 813 282 874 349; x_wconf 90' lang='lat'><em>111.</em></span> <span class='ocrx_word' id='word_1_4' title='bbox 1051 283 1111 349; x_wconf 82' lang='lat'><strong>141</strong></span> 
     </span>
    </p>
   </div>
   <div class='ocr_carea' id='block_1_2' title="bbox 95 517 1118 2127">
    <p class='ocr_par' dir='ltr' id='par_1_2' title="bbox 201 517 958 599">
     <span class='ocr_line' id='line_1_2' title="bbox 201 517 958 599; baseline 0.004 -20"><span class='ocrx_word' id='word_1_5' title='bbox 201 521 266 579; x_wconf 89' lang='lat' dir='ltr'><strong>Dat</strong></span> <span class='ocrx_word' id='word_1_6' title='bbox 286 519 376 596; x_wconf 35' lang='lat' dir='ltr'><strong>sibi3,</strong></span> <span class='ocrx_word' id='word_1_7' title='bbox 390 538 451 598; x_wconf 90' lang='lat' dir='ltr'><strong>qua</strong></span> <span class='ocrx_word' id='word_1_8' title='bbox 474 519 541 597; x_wconf 81' lang='lat' dir='ltr'><strong>regi</strong></span> <span class='ocrx_word' id='word_1_9' title='bbox 562 519 727 598; x_wconf 86' lang='lat' dir='ltr'><strong>praeberet</strong></span> <span class='ocrx_word' id='word_1_10' title='bbox 748 519 861 599; x_wconf 91' lang='lat' dir='ltr'><strong>pocula</strong></span> <span class='ocrx_word' id='word_1_11' title='bbox 884 517 958 582; x_wconf 87' lang='lat' dir='ltr'><strong>vini.</strong></span> 
     </span>
    </p>

    <p class='ocr_par' dir='ltr' id='par_1_3' title="bbox 95 625 1114 1144">
     <span class='ocr_line' id='line_1_3' title="bbox 95 625 1114 717; baseline -0.002 -27"><span class='ocrx_word' id='word_1_12' title='bbox 95 630 158 690; x_wconf 74' lang='lat'><strong>240</strong></span> <span class='ocrx_word' id='word_1_13' title='bbox 201 631 265 689; x_wconf 82' lang='lat' dir='ltr'><strong>Da&#39;t</strong></span> <span class='ocrx_word' id='word_1_14' title='bbox 275 629 325 690; x_wconf 89' lang='lat' dir='ltr'><strong>vel</strong></span> <span class='ocrx_word' id='word_1_15' title='bbox 338 648 453 709; x_wconf 91' lang='lat' dir='ltr'><strong>equum</strong></span> <span class='ocrx_word' id='word_1_16' title='bbox 472 628 595 717; x_wconf 71' lang='lat' dir='ltr'><strong>fortem,</strong></span> <span class='ocrx_word' id='word_1_17' title='bbox 606 629 735 689; x_wconf 84' lang='lat' dir='ltr'><strong>celerem</strong></span> <span class='ocrx_word' id='word_1_18' title='bbox 748 627 840 688; x_wconf 86' lang='lat' dir='ltr'><strong>nimis</strong></span> <span class='ocrx_word' id='word_1_19' title='bbox 855 625 1114 710; x_wconf 80' lang='lat' dir='ltr'><strong>mquipedantem,</strong></span> 
     </span>
     <span class='ocr_line' id='line_1_4' title="bbox 202 729 1094 819; baseline -0.002 -20"><span class='ocrx_word' id='word_1_20' title='bbox 202 729 357 799; x_wconf 87' lang='lat' dir='ltr'><strong>Auratum</strong></span> <span class='ocrx_word' id='word_1_21' title='bbox 381 737 506 797; x_wconf 75' lang='lat' dir='ltr'><strong>frenum</strong></span> <span class='ocrx_word' id='word_1_22' title='bbox 527 738 690 817; x_wconf 81' lang='lat' dir='ltr'>pulchram</span> <span class='ocrx_word' id='word_1_23' title='bbox 712 738 904 819; x_wconf 79' lang='lat' dir='ltr'><strong>faleramque</strong></span> <span class='ocrx_word' id='word_1_24' title='bbox 924 751 1094 817; x_wconf 84' lang='lat' dir='ltr'><strong>gerentem,</strong></span> 
     </span>
     <span class='ocr_line' id='line_1_5' title="bbox 203 827 1002 928; baseline 0 -22"><span class='ocrx_word' id='word_1_25' title='bbox 203 847 243 906; x_wconf 90' lang='lat' dir='ltr'><strong>Et</strong></span> <span class='ocrx_word' id='word_1_26' title='bbox 267 845 319 908; x_wconf 84' lang='lat' dir='ltr'><strong>dat</strong></span> <span class='ocrx_word' id='word_1_27' title='bbox 340 827 486 922; x_wconf 68' lang='lat' dir='ltr'><strong>larisam,</strong></span> <span class='ocrx_word' id='word_1_28' title='bbox 512 857 599 909; x_wconf 90' lang='lat' dir='ltr'><strong>tutus</strong></span> <span class='ocrx_word' id='word_1_29' title='bbox 622 835 722 908; x_wconf 75' lang='lat' dir='ltr'><strong>ualeat</strong></span> <span class='ocrx_word' id='word_1_30' title='bbox 742 847 888 927; x_wconf 81' lang='lat' dir='ltr'><strong>fereper</strong></span> <span class='ocrx_word' id='word_1_31' title='bbox 908 849 1002 928; x_wconf 86' lang='lat' dir='ltr'><strong>quam</strong></span> 
     </span>
     <span class='ocr_line' id='line_1_6' title="bbox 201 954 889 1038; baseline 0.001 -21"><span class='ocrx_word' id='word_1_32' title='bbox 201 957 237 1017; x_wconf 93' lang='lat' dir='ltr'><strong>In</strong></span> <span class='ocrx_word' id='word_1_33' title='bbox 261 956 373 1038; x_wconf 86' lang='lat' dir='ltr'><strong>quovis</strong></span> <span class='ocrx_word' id='word_1_34' title='bbox 396 957 480 1017; x_wconf 86' lang='lat' dir='ltr'><strong>bello</strong></span> <span class='ocrx_word' id='word_1_35' title='bbox 503 956 663 1016; x_wconf 89' lang='lat' dir='ltr'><strong>communi</strong></span> <span class='ocrx_word' id='word_1_36' title='bbox 683 957 748 1018; x_wconf 88' lang='lat' dir='ltr'><strong>sive</strong></span> <span class='ocrx_word' id='word_1_37' title='bbox 772 954 889 1018; x_wconf 87' lang='lat' dir='ltr'><strong>duello.</strong></span> 
     </span>
     <span class='ocr_line' id='line_1_7' title="bbox 198 1064 1030 1144; baseline 0 -18"><span class='ocrx_word' id='word_1_38' title='bbox 198 1066 312 1128; x_wconf 86' lang='lat' dir='ltr'><strong>Ensem</strong></span> <span class='ocrx_word' id='word_1_39' title='bbox 336 1068 385 1127; x_wconf 89' lang='lat' dir='ltr'><strong>vel</strong></span> <span class='ocrx_word' id='word_1_40' title='bbox 407 1067 524 1144; x_wconf 81' lang='lat' dir='ltr'><strong>galeam</strong></span> <span class='ocrx_word' id='word_1_41' title='bbox 547 1065 607 1126; x_wconf 82' lang='lat' dir='ltr'><strong>sibi</strong></span> <span class='ocrx_word' id='word_1_42' title='bbox 628 1065 799 1126; x_wconf 87' lang='lat' dir='ltr'><strong>lanceolam</strong></span> <span class='ocrx_word' id='word_1_43' title='bbox 823 1064 875 1129; x_wconf 86' lang='lat' dir='ltr'><strong>dat</strong></span> <span class='ocrx_word' id='word_1_44' title='bbox 896 1077 1030 1127; x_wconf 87' lang='lat' dir='ltr'><strong>acutam.</strong></span> 
     </span>
    </p>

    <p class='ocr_par' dir='ltr' id='par_1_4' title="bbox 96 1171 1117 1694">
     <span class='ocr_line' id='line_1_8' title="bbox 96 1171 1005 1256; baseline 0 -22"><span class='ocrx_word' id='word_1_45' title='bbox 96 1177 158 1235; x_wconf 82' lang='lat'><strong>24⁵</strong></span> <span class='ocrx_word' id='word_1_46' title='bbox 208 1172 271 1248; x_wconf 83' lang='lat' dir='ltr'><strong>Qui</strong></span> <span class='ocrx_word' id='word_1_47' title='bbox 293 1175 488 1235; x_wconf 81' lang='lat' dir='ltr'><strong>famulantur</strong></span> <span class='ocrx_word' id='word_1_48' title='bbox 509 1175 548 1248; x_wconf 91' lang='lat' dir='ltr'><strong>ei,</strong></span> <span class='ocrx_word' id='word_1_49' title='bbox 571 1171 729 1234; x_wconf 88' lang='lat' dir='ltr'><strong>donantur</strong></span> <span class='ocrx_word' id='word_1_50' title='bbox 751 1176 877 1256; x_wconf 90' lang='lat' dir='ltr'><strong>utrique</strong></span> <span class='ocrx_word' id='word_1_51' title='bbox 899 1175 1005 1236; x_wconf 85' lang='lat' dir='ltr'><strong>clienti</strong></span> 
     </span>
     <span class='ocr_line' id='line_1_9' title="bbox 204 1280 1074 1364; baseline 0 -20"><span class='ocrx_word' id='word_1_52' title='bbox 204 1284 316 1344; x_wconf 77' lang='lat' dir='ltr'><strong>Vestes</strong></span> <span class='ocrx_word' id='word_1_53' title='bbox 338 1280 429 1343; x_wconf 84' lang='lat' dir='ltr'><strong>valde</strong></span> <span class='ocrx_word' id='word_1_54' title='bbox 451 1284 554 1342; x_wconf 85' lang='lat' dir='ltr'><strong>bonae</strong></span> <span class='ocrx_word' id='word_1_55' title='bbox 576 1301 762 1364; x_wconf 80' lang='lat' dir='ltr'><strong>semperque</strong></span> <span class='ocrx_word' id='word_1_56' title='bbox 787 1280 874 1355; x_wconf 71' lang='lat' dir='ltr'><strong>domi</strong></span> <span class='ocrx_word' id='word_1_57' title='bbox 892 1285 953 1345; x_wconf 90' lang='lat' dir='ltr'><strong>sibi</strong></span> <span class='ocrx_word' id='word_1_58' title='bbox 973 1305 1074 1346; x_wconf 87' lang='lat' dir='ltr'><strong>rarae.</strong></span> 
     </span>
     <span class='ocr_line' id='line_1_10' title="bbox 203 1389 1073 1471; baseline 0 -21"><span class='ocrx_word' id='word_1_59' title='bbox 203 1392 338 1471; x_wconf 79' lang='lat' dir='ltr'><strong>Insuper</strong></span> <span class='ocrx_word' id='word_1_60' title='bbox 359 1389 398 1450; x_wconf 85' lang='lat' dir='ltr'><strong>ad</strong></span> <span class='ocrx_word' id='word_1_61' title='bbox 421 1391 503 1450; x_wconf 90' lang='lat' dir='ltr'><strong>bella</strong></span> <span class='ocrx_word' id='word_1_62' title='bbox 525 1391 585 1450; x_wconf 89' lang='lat' dir='ltr'><strong>sibi</strong></span> <span class='ocrx_word' id='word_1_63' title='bbox 608 1410 744 1468; x_wconf 84' lang='lat' dir='ltr'><strong>congrua</strong></span> <span class='ocrx_word' id='word_1_64' title='bbox 769 1393 923 1471; x_wconf 83' lang='lat' dir='ltr'><strong>praestitit</strong></span> <span class='ocrx_word' id='word_1_65' title='bbox 943 1414 1040 1460; x_wconf 81' lang='lat' dir='ltr'><strong>arma.</strong></span> <span class='ocrx_word' id='word_1_66' title='bbox 1066 1443 1073 1450; x_wconf 81' lang='grc'>,</span> 
     </span>
     <span class='ocr_line' id='line_1_11' title="bbox 203 1499 1056 1583; baseline 0 -20"><span class='ocrx_word' id='word_1_67' title='bbox 203 1499 291 1563; x_wconf 80' lang='lat' dir='ltr'><strong>Misit</strong></span> <span class='ocrx_word' id='word_1_68' title='bbox 312 1519 484 1580; x_wconf 83' lang='lat' dir='ltr'><strong>praecones</strong></span> <span class='ocrx_word' id='word_1_69' title='bbox 507 1511 645 1579; x_wconf 82' lang='lat' dir='ltr'><strong>satrapas</strong></span> <span class='ocrx_word' id='word_1_70' title='bbox 673 1502 863 1583; x_wconf 76' lang='lat' dir='ltr'><strong>comitesque</strong></span> <span class='ocrx_word' id='word_1_71' title='bbox 888 1501 1056 1580; x_wconf 85' lang='lat' dir='ltr'><strong>vocandos,</strong></span> 
     </span>
     <span class='ocr_line' id='line_1_12' title="bbox 203 1609 1117 1694; baseline 0.001 -21"><span class='ocrx_word' id='word_1_72' title='bbox 203 1611 251 1673; x_wconf 81' lang='lat' dir='ltr'><strong>Ad</strong></span> <span class='ocrx_word' id='word_1_73' title='bbox 267 1626 386 1674; x_wconf 86' lang='lat' dir='ltr'><strong>curtem</strong></span> <span class='ocrx_word' id='word_1_74' title='bbox 399 1611 528 1674; x_wconf 82' lang='lat' dir='ltr'><strong>veniant</strong></span> <span class='ocrx_word' id='word_1_75' title='bbox 542 1630 604 1690; x_wconf 90' lang='lat' dir='ltr'><strong>quo</strong></span> <span class='ocrx_word' id='word_1_76' title='bbox 625 1609 716 1688; x_wconf 83' lang='lat' dir='ltr'><strong>regis,</strong></span> <span class='ocrx_word' id='word_1_77' title='bbox 743 1612 969 1694; x_wconf 85' lang='lat' dir='ltr'><strong>quamoptime</strong></span> <span class='ocrx_word' id='word_1_78' title='bbox 986 1610 1117 1693; x_wconf 82' lang='lat' dir='ltr'><strong>possint,</strong></span> 
     </span>
    </p>

    <p class='ocr_par' dir='ltr' id='par_1_5' title="bbox 95 1718 1118 2127">
     <span class='ocr_line' id='line_1_13' title="bbox 95 1718 1118 1804; baseline -0.001 -21"><span class='ocrx_word' id='word_1_79' title='bbox 95 1729 160 1786; x_wconf 84' lang='lat'><strong>250</strong></span> <span class='ocrx_word' id='word_1_80' title='bbox 203 1721 243 1781; x_wconf 89' lang='lat' dir='ltr'><strong>Et</strong></span> <span class='ocrx_word' id='word_1_81' title='bbox 267 1741 372 1781; x_wconf 90' lang='lat' dir='ltr'><strong>secum</strong></span> <span class='ocrx_word' id='word_1_82' title='bbox 397 1720 516 1780; x_wconf 81' lang='lat' dir='ltr'><strong>ferrent</strong></span> <span class='ocrx_word' id='word_1_83' title='bbox 540 1718 700 1799; x_wconf 84' lang='lat' dir='ltr'><strong>sibiquas</strong></span> <span class='ocrx_word' id='word_1_84' title='bbox 721 1721 773 1782; x_wconf 88' lang='lat' dir='ltr'><strong>vel</strong></span> <span class='ocrx_word' id='word_1_85' title='bbox 796 1724 884 1803; x_wconf 88' lang='lat' dir='ltr'><strong>equis</strong></span> <span class='ocrx_word' id='word_1_86' title='bbox 907 1743 987 1804; x_wconf 88' lang='lat' dir='ltr'><strong>opus</strong></span> <span class='ocrx_word' id='word_1_87' title='bbox 1015 1733 1118 1784; x_wconf 83' lang='lat' dir='ltr'><strong>essent</strong></span> 
     </span>
     <span class='ocr_line' id='line_1_14' title="bbox 199 1825 1082 1910; baseline 0.001 -18"><span class='ocrx_word' id='word_1_88' title='bbox 199 1830 248 1892; x_wconf 81' lang='lat' dir='ltr'><strong>Ad</strong></span> <span class='ocrx_word' id='word_1_89' title='bbox 270 1843 334 1892; x_wconf 86' lang='lat' dir='ltr'><strong>tres</strong></span> <span class='ocrx_word' id='word_1_90' title='bbox 357 1827 546 1891; x_wconf 77' lang='lat' dir='ltr'><strong>ebdomadas</strong></span> <span class='ocrx_word' id='word_1_91' title='bbox 568 1848 748 1890; x_wconf 84' lang='lat' dir='ltr'><strong>serumseu</strong></span> <span class='ocrx_word' id='word_1_92' title='bbox 772 1825 842 1910; x_wconf 86' lang='lat' dir='ltr'><strong>plus</strong></span> <span class='ocrx_word' id='word_1_93' title='bbox 864 1832 1082 1898; x_wconf 80' lang='lat' dir='ltr'><strong>remanendas.</strong></span> 
     </span>
     <span class='ocr_line' id='line_1_15' title="bbox 199 1937 902 2019; baseline 0.003 -21"><span class='ocrx_word' id='word_1_94' title='bbox 199 1939 277 1998; x_wconf 84' lang='lat' dir='ltr'><strong>Illuc</strong></span> <span class='ocrx_word' id='word_1_95' title='bbox 298 1937 461 2019; x_wconf 84' lang='lat' dir='ltr'><strong>pontifices</strong></span> <span class='ocrx_word' id='word_1_96' title='bbox 484 1940 659 2004; x_wconf 75' lang='lat' dir='ltr'><strong>invitantur</strong></span> <span class='ocrx_word' id='word_1_97' title='bbox 678 1940 844 2018; x_wconf 84' lang='lat' dir='ltr'><strong>sapientes,</strong></span> <span class='ocrx_word' id='word_1_98' title='bbox 892 1956 902 1969; x_wconf 66' lang='lat'>⁸</span> 
     </span>
     <span class='ocr_line' id='line_1_16' title="bbox 206 2047 885 2127; baseline 0.007 -22"><span class='ocrx_word' id='word_1_99' title='bbox 206 2047 406 2127; x_wconf 84' lang='lat' dir='ltr'><strong>Abbatesque</strong></span> <span class='ocrx_word' id='word_1_100' title='bbox 429 2047 473 2126; x_wconf 85' lang='lat' dir='ltr'><strong>pii</strong></span> <span class='ocrx_word' id='word_1_101' title='bbox 494 2047 583 2108; x_wconf 88' lang='lat' dir='ltr'><strong>scioli</strong></span> <span class='ocrx_word' id='word_1_102' title='bbox 612 2048 692 2108; x_wconf 85' lang='lat' dir='ltr'><strong>bene</strong></span> <span class='ocrx_word' id='word_1_103' title='bbox 717 2047 885 2110; x_wconf 89' lang='lat' dir='ltr'><strong>consiliari.</strong></span> 
     </span>
    </p>
   </div>
   <div class='ocr_carea' id='block_1_3' title="bbox 920 2272 933 2300">
    <p class='ocr_par' dir='ltr' id='par_1_6' title="bbox 920 2272 933 2300">
     <span class='ocr_line' id='line_1_17' title="bbox 920 2272 933 2300; baseline 0 0"><span class='ocrx_word' id='word_1_104' title='bbox 920 2272 933 2300; x_wconf 69' lang='grc' dir='ltr'><strong><em>Ι</em></strong></span> 
     </span>
    </p>
   </div>
   <div class='ocr_carea' id='block_1_4' title="bbox 573 2398 633 2468">
    <p class='ocr_par' dir='ltr' id='par_1_7' title="bbox 573 2398 633 2468">
     <span class='ocr_line' id='line_1_18' title="bbox 573 2398 633 2468; baseline 0.05 -3"><span class='ocrx_word' id='word_1_105' title='bbox 573 2398 633 2468; x_wconf 82' lang='lat'><em>111.</em></span> 
     </span>
    </p>
   </div>
   <div class='ocr_carea' id='block_1_5' title="bbox 80 2516 1228 3817">
    <p class='ocr_par' dir='ltr' id='par_1_8' title="bbox 97 2516 1228 2961">
     <span class='ocr_line' id='line_1_19' title="bbox 97 2516 1228 2634; baseline 0.008 -28"><span class='ocrx_word' id='word_1_106' title='bbox 97 2558 113 2613; x_wconf 94' lang='lat'>1</span> <span class='ocrx_word' id='word_1_107' title='bbox 181 2516 437 2634; x_wconf 55' lang='lat' dir='ltr'><strong>[congr-paam</strong></span> <span class='ocrx_word' id='word_1_108' title='bbox 459 2543 639 2610; x_wconf 80' lang='lat' dir='ltr'><strong>latacurtis</strong></span> <span class='ocrx_word' id='word_1_109' title='bbox 662 2543 722 2607; x_wconf 87' lang='lat' dir='ltr'><strong>suit</strong></span> <span class='ocrx_word' id='word_1_110' title='bbox 746 2545 1017 2629; x_wconf 83' lang='lat' dir='ltr'><strong>amphipreheusa,</strong></span> <span class='ocrx_word' id='word_1_111' title='bbox 1093 2592 1097 2608; x_wconf 61' lang='lat'><em>1</em></span> <span class='ocrx_word' id='word_1_112' title='bbox 1129 2572 1228 2626; x_wconf 56' lang='lat' dir='ltr'><strong>forna,</strong></span> 
     </span>
     <span class='ocr_line' id='line_1_20' title="bbox 180 2659 1023 2745; baseline -0.001 -20"><span class='ocrx_word' id='word_1_113' title='bbox 180 2661 258 2739; x_wconf 74' lang='lat' dir='ltr'><strong>Qua</strong></span> <span class='ocrx_word' id='word_1_114' title='bbox 282 2660 384 2726; x_wconf 86' lang='lat' dir='ltr'><strong>medio</strong></span> <span class='ocrx_word' id='word_1_115' title='bbox 407 2682 520 2738; x_wconf 74' lang='lat' dir='ltr'><strong>raetia,</strong></span> <span class='ocrx_word' id='word_1_116' title='bbox 543 2661 642 2724; x_wconf 85' lang='lat' dir='ltr'><strong>scenis</strong></span> <span class='ocrx_word' id='word_1_117' title='bbox 665 2659 742 2722; x_wconf 83' lang='lat' dir='ltr'><strong>foris</strong></span> <span class='ocrx_word' id='word_1_118' title='bbox 766 2659 905 2745; x_wconf 79' lang='lat' dir='ltr'><strong>trudique</strong></span> <span class='ocrx_word' id='word_1_119' title='bbox 927 2677 1023 2745; x_wconf 86' lang='lat' dir='ltr'><strong>septa,</strong></span> 
     </span>
     <span class='ocr_line' id='line_1_21' title="bbox 177 2770 980 2867; baseline -0.002 -31"><span class='ocrx_word' id='word_1_120' title='bbox 177 2771 249 2849; x_wconf 85' lang='lat' dir='ltr'><strong>Qua</strong></span> <span class='ocrx_word' id='word_1_121' title='bbox 272 2793 341 2835; x_wconf 84' lang='lat' dir='ltr'><strong>cuna</strong></span> <span class='ocrx_word' id='word_1_122' title='bbox 364 2771 564 2853; x_wconf 87' lang='lat' dir='ltr'><strong>praesulibus</strong></span> <span class='ocrx_word' id='word_1_123' title='bbox 583 2771 748 2833; x_wconf 86' lang='lat' dir='ltr'><strong>abbatibus</strong></span> <span class='ocrx_word' id='word_1_124' title='bbox 772 2784 803 2833; x_wconf 89' lang='lat' dir='ltr'><strong>et</strong></span> <span class='ocrx_word' id='word_1_125' title='bbox 825 2770 980 2867; x_wconf 82' lang='lat' dir='ltr'><strong>dpodeuis</strong></span> 
     </span>
     <span class='ocr_line' id='line_1_22' title="bbox 175 2878 901 2961; baseline -0.001 -17"><span class='ocrx_word' id='word_1_126' title='bbox 175 2886 286 2944; x_wconf 87' lang='lat' dir='ltr'><strong>Posset</strong></span> <span class='ocrx_word' id='word_1_127' title='bbox 308 2878 463 2961; x_wconf 87' lang='lat' dir='ltr'><strong>prandere</strong></span> <span class='ocrx_word' id='word_1_128' title='bbox 489 2899 660 2941; x_wconf 87' lang='lat' dir='ltr'><strong>coenarevo</strong></span> <span class='ocrx_word' id='word_1_129' title='bbox 689 2892 736 2942; x_wconf 84' lang='lat' dir='ltr'><strong>sat</strong></span> <span class='ocrx_word' id='word_1_130' title='bbox 756 2882 901 2961; x_wconf 86' lang='lat' dir='ltr'><strong>spatiose.</strong></span> 
     </span>
    </p>

    <p class='ocr_par' dir='ltr' id='par_1_9' title="bbox 175 2982 1034 3280">
     <span class='ocr_line' id='line_1_23' title="bbox 177 2982 1000 3066; baseline -0.001 -18"><span class='ocrx_word' id='word_1_131' title='bbox 177 2987 268 3048; x_wconf 85' lang='lat' dir='ltr'><strong>Curti</strong></span> <span class='ocrx_word' id='word_1_132' title='bbox 288 2987 468 3064; x_wconf 83' lang='lat' dir='ltr'><strong>contiguum</strong></span> <span class='ocrx_word' id='word_1_133' title='bbox 491 2995 549 3046; x_wconf 87' lang='lat' dir='ltr'><strong>stat</strong></span> <span class='ocrx_word' id='word_1_134' title='bbox 575 2982 745 3046; x_wconf 87' lang='lat' dir='ltr'><strong>tentorium</strong></span> <span class='ocrx_word' id='word_1_135' title='bbox 767 2986 839 3047; x_wconf 84' lang='lat' dir='ltr'><strong>satis</strong></span> <span class='ocrx_word' id='word_1_136' title='bbox 861 2989 1000 3066; x_wconf 86' lang='lat' dir='ltr'><strong>amplum</strong></span> 
     </span>
     <span class='ocr_line' id='line_1_24' title="bbox 179 3089 1034 3173; baseline 0.001 -19"><span class='ocrx_word' id='word_1_137' title='bbox 179 3091 261 3154; x_wconf 89' lang='lat' dir='ltr'><strong>Solis</strong></span> <span class='ocrx_word' id='word_1_138' title='bbox 282 3089 320 3151; x_wconf 88' lang='lat' dir='ltr'><strong>ad</strong></span> <span class='ocrx_word' id='word_1_139' title='bbox 344 3102 508 3164; x_wconf 78' lang='lat' dir='ltr'><strong>exortum,</strong></span> <span class='ocrx_word' id='word_1_140' title='bbox 538 3089 576 3151; x_wconf 88' lang='lat' dir='ltr'><strong>de</strong></span> <span class='ocrx_word' id='word_1_141' title='bbox 598 3109 662 3173; x_wconf 91' lang='lat' dir='ltr'><strong>quo</strong></span> <span class='ocrx_word' id='word_1_142' title='bbox 689 3108 824 3170; x_wconf 83' lang='lat' dir='ltr'><strong>posuere</strong></span> <span class='ocrx_word' id='word_1_143' title='bbox 845 3091 1034 3172; x_wconf 86' lang='lat' dir='ltr'><strong>podismum,</strong></span> 
     </span>
     <span class='ocr_line' id='line_1_25' title="bbox 175 3197 935 3280; baseline 0.001 -19"><span class='ocrx_word' id='word_1_144' title='bbox 175 3199 273 3277; x_wconf 86' lang='lat' dir='ltr'><strong>Cujus</strong></span> <span class='ocrx_word' id='word_1_145' title='bbox 297 3197 335 3260; x_wconf 87' lang='lat' dir='ltr'><strong>ad</strong></span> <span class='ocrx_word' id='word_1_146' title='bbox 369 3210 543 3261; x_wconf 88' lang='lat' dir='ltr'><strong>extremum</strong></span> <span class='ocrx_word' id='word_1_147' title='bbox 567 3197 704 3262; x_wconf 86' lang='lat' dir='ltr'><strong>fixerunt</strong></span> <span class='ocrx_word' id='word_1_148' title='bbox 732 3200 935 3280; x_wconf 88' lang='lat' dir='ltr'><strong>papilionem,</strong></span> 
     </span>
    </p>

    <p class='ocr_par' dir='ltr' id='par_1_10' title="bbox 174 3308 1029 3502">
     <span class='ocr_line' id='line_1_26' title="bbox 176 3308 943 3392; baseline 0.005 -22"><span class='ocrx_word' id='word_1_149' title='bbox 176 3311 213 3370; x_wconf 89' lang='lat' dir='ltr'><strong>ln</strong></span> <span class='ocrx_word' id='word_1_150' title='bbox 236 3330 301 3392; x_wconf 93' lang='lat' dir='ltr'><strong>quo</strong></span> <span class='ocrx_word' id='word_1_151' title='bbox 324 3322 408 3371; x_wconf 84' lang='lat' dir='ltr'><strong>stans</strong></span> <span class='ocrx_word' id='word_1_152' title='bbox 432 3328 537 3370; x_wconf 82' lang='lat' dir='ltr'><strong>nrensa</strong></span> <span class='ocrx_word' id='word_1_153' title='bbox 559 3308 670 3371; x_wconf 83' lang='lat' dir='ltr'><strong>vestita</strong></span> <span class='ocrx_word' id='word_1_154' title='bbox 691 3309 752 3371; x_wconf 80' lang='lat' dir='ltr'><strong>fuit</strong></span> <span class='ocrx_word' id='word_1_155' title='bbox 772 3313 857 3374; x_wconf 89' lang='lat' dir='ltr'><strong>velut</strong></span> <span class='ocrx_word' id='word_1_156' title='bbox 877 3332 943 3391; x_wconf 88' lang='lat' dir='ltr'><strong>ara,</strong></span> 
     </span>
     <span class='ocr_line' id='line_1_27' title="bbox 174 3416 1029 3502; baseline 0.005 -22"><span class='ocrx_word' id='word_1_157' title='bbox 174 3416 277 3495; x_wconf 86' lang='lat' dir='ltr'><strong>Quam</strong></span> <span class='ocrx_word' id='word_1_158' title='bbox 302 3437 398 3500; x_wconf 87' lang='lat' dir='ltr'><strong>super</strong></span> <span class='ocrx_word' id='word_1_159' title='bbox 425 3429 471 3481; x_wconf 87' lang='lat' dir='ltr'><strong>est</strong></span> <span class='ocrx_word' id='word_1_160' title='bbox 492 3419 594 3502; x_wconf 86' lang='lat' dir='ltr'><strong>posita</strong></span> <span class='ocrx_word' id='word_1_161' title='bbox 615 3418 696 3499; x_wconf 87' lang='lat' dir='ltr'><strong>regis</strong></span> <span class='ocrx_word' id='word_1_162' title='bbox 724 3440 803 3481; x_wconf 85' lang='lat' dir='ltr'><strong>crux</strong></span> <span class='ocrx_word' id='word_1_163' title='bbox 825 3433 854 3484; x_wconf 91' lang='lat' dir='ltr'><strong>et</strong></span> <span class='ocrx_word' id='word_1_164' title='bbox 876 3419 1029 3501; x_wconf 85' lang='lat' dir='ltr'><strong>diadema,</strong></span> 
     </span>
    </p>

    <p class='ocr_par' dir='ltr' id='par_1_11' title="bbox 92 3524 901 3608">
     <span class='ocr_line' id='line_1_28' title="bbox 92 3524 901 3608; baseline 0.004 -17"><span class='ocrx_word' id='word_1_165' title='bbox 92 3534 132 3591; x_wconf 87' lang='lat'><strong>10</strong></span> <span class='ocrx_word' id='word_1_166' title='bbox 176 3524 247 3602; x_wconf 86' lang='lat' dir='ltr'><strong>Qua</strong></span> <span class='ocrx_word' id='word_1_167' title='bbox 270 3529 381 3590; x_wconf 85' lang='lat' dir='ltr'><strong>missae</strong></span> <span class='ocrx_word' id='word_1_168' title='bbox 403 3527 468 3608; x_wconf 84' lang='lat' dir='ltr'><strong>regi</strong></span> <span class='ocrx_word' id='word_1_169' title='bbox 489 3531 569 3592; x_wconf 90' lang='lat' dir='ltr'><strong>solet</strong></span> <span class='ocrx_word' id='word_1_170' title='bbox 590 3529 728 3592; x_wconf 87' lang='lat' dir='ltr'><strong>officium</strong></span> <span class='ocrx_word' id='word_1_171' title='bbox 749 3533 901 3596; x_wconf 86' lang='lat' dir='ltr'><strong>celebrari</strong></span> 
     </span>
    </p>

    <p class='ocr_par' dir='ltr' id='par_1_12' title="bbox 80 3626 906 3817">
     <span class='ocr_line' id='line_1_29' title="bbox 80 3626 773 3722; baseline 0.004 -24"><span class='ocrx_word' id='word_1_172' title='bbox 80 3626 82 3630; x_wconf 11' lang='grc' dir='ltr'><em>Α</em></span> <span class='ocrx_word' id='word_1_173' title='bbox 173 3637 368 3699; x_wconf 83' lang='lat' dir='ltr'><strong>Matutinalis</strong></span> <span class='ocrx_word' id='word_1_174' title='bbox 394 3650 424 3700; x_wconf 89' lang='lat' dir='ltr'><strong>et</strong></span> <span class='ocrx_word' id='word_1_175' title='bbox 444 3638 623 3720; x_wconf 85' lang='lat' dir='ltr'><strong>vespertina</strong></span> <span class='ocrx_word' id='word_1_176' title='bbox 644 3640 773 3722; x_wconf 86' lang='lat' dir='ltr'><strong>synaxis</strong></span> 
     </span>
     <span class='ocr_line' id='line_1_30' title="bbox 175 3744 906 3817; baseline 0.007 -10"><span class='ocrx_word' id='word_1_177' title='bbox 175 3744 328 3808; x_wconf 86' lang='lat' dir='ltr'><strong>Cursibus</strong></span> <span class='ocrx_word' id='word_1_178' title='bbox 347 3746 488 3817; x_wconf 84' lang='lat' dir='ltr'><strong>inmixtis</strong></span> <span class='ocrx_word' id='word_1_179' title='bbox 511 3747 580 3811; x_wconf 86' lang='lat' dir='ltr'><strong>aliis</strong></span> <span class='ocrx_word' id='word_1_180' title='bbox 602 3747 641 3810; x_wconf 87' lang='lat' dir='ltr'><strong>de</strong></span> <span class='ocrx_word' id='word_1_181' title='bbox 663 3769 751 3812; x_wconf 85' lang='lat' dir='ltr'><strong>more</strong></span> <span class='ocrx_word' id='word_1_182' title='bbox 775 3746 906 3812; x_wconf 84' lang='lat' dir='ltr'><strong>diurnis.</strong></span> 
     </span>
    </p>
   </div>
   <div class='ocr_carea' id='block_1_6' title="bbox 90 3990 1110 4180">
    <p class='ocr_par' dir='ltr' id='par_1_13' title="bbox 90 3990 1110 4180">
     <span class='ocr_line' id='line_1_31' title="bbox 162 3990 1110 4099; baseline 0.002 -27"><span class='ocrx_word' id='word_1_183' title='bbox 162 4025 180 4072; x_wconf 84' lang='grc'>6</span> <span class='ocrx_word' id='word_1_184' title='bbox 209 4021 253 4073; x_wconf 84' lang='lat' dir='ltr'><strong>bet</strong></span> <span class='ocrx_word' id='word_1_185' title='bbox 269 4019 417 4089; x_wconf 69' lang='lat' dir='ltr'><strong>podismum</strong></span> <span class='ocrx_word' id='word_1_186' title='bbox 434 4039 476 4078; x_wconf 84' lang='lat' dir='ltr'><strong>sm</strong></span> <span class='ocrx_word' id='word_1_187' title='bbox 495 3990 618 4080; x_wconf 35' lang='lat' dir='ltr'>mndfdie</span> <span class='ocrx_word' id='word_1_188' title='bbox 634 4026 722 4095; x_wconf 76' lang='lat' dir='ltr'><strong>glosse</strong></span> <span class='ocrx_word' id='word_1_189' title='bbox 738 4041 823 4099; x_wconf 80' lang='lat' dir='ltr'><strong>gang.</strong></span> <span class='ocrx_word' id='word_1_190' title='bbox 879 4027 910 4077; x_wconf 84' lang='lat'><strong>11</strong></span> <span class='ocrx_word' id='word_1_191' title='bbox 926 4022 968 4077; x_wconf 82' lang='lat' dir='ltr'><strong>bet</strong></span> <span class='ocrx_word' id='word_1_192' title='bbox 986 4021 1110 4094; x_wconf 80' lang='lat' dir='ltr'><strong>synaxim</strong></span> 
     </span>
     <span class='ocr_line' id='line_1_32' title="bbox 90 4112 1105 4180; baseline 0.002 -14"><span class='ocrx_word' id='word_1_193' title='bbox 90 4112 133 4166; x_wconf 84' lang='lat' dir='ltr'><strong>die</strong></span> <span class='ocrx_word' id='word_1_194' title='bbox 151 4113 240 4180; x_wconf 66' lang='lat' dir='ltr'><strong>glossa</strong></span> <span class='ocrx_word' id='word_1_195' title='bbox 258 4127 355 4164; x_wconf 81' lang='lat' dir='ltr'><strong>cursus</strong></span> <span class='ocrx_word' id='word_1_196' title='bbox 371 4112 413 4166; x_wconf 82' lang='lat' dir='ltr'><strong>vel</strong></span> <span class='ocrx_word' id='word_1_197' title='bbox 431 4113 509 4169; x_wconf 75' lang='lat' dir='ltr'><strong>bora.</strong></span> <span class='ocrx_word' id='word_1_198' title='bbox 1103 4131 1105 4136; x_wconf 90' lang='lat'>·</span> 
     </span>
    </p>
   </div>
   <div class='ocr_carea' id='block_1_7' title="bbox 0 0 1324 4650">
    <p class='ocr_par' dir='ltr' id='par_1_14' title="bbox 0 0 1324 4650">
     <span class='ocr_line' id='line_1_33' title="bbox 0 0 1324 4650; baseline 0 4"><span class='ocrx_word' id='word_1_199' title='bbox 0 0 1324 4650; x_wconf 95' lang='lat' dir='ltr'><strong> </strong></span> 
     </span>
    </p>
   </div>
  </div>
 </body>
</html>
