2640 4650
352 158 357 165 ’
464 168 897 260 0110610108(

259 430 369 492 Inclita
393 425 523 487 metensi
544 444 637 507 quem
660 421 793 485 Francia
816 421 942 486 miserat
964 428 1037 489 urbi

261 539 474 613 Praefectum,
509 534 565 618 qui
590 530 674 595 dona
694 531 798 592 serens
824 529 991 598 devenerat
1013 537 1067 599 illo

213 704 230 727 ,
258 648 424 711 Anteriore
449 643 518 721 die,
541 663 637 727 quam
659 640 809 722 princeps
832 657 964 707 noverat
987 645 1056 709 ista.

153 759 216 816 585
261 750 323 827 Qui
345 751 422 812 dans
444 752 534 812 frena
563 751 666 825 volat,
693 748 870 832 rapidoque
898 752 1073 815 simillimus
1096 753 1181 818 Euro

258 861 461 923 Transcurrit
482 861 618 939 spatium
644 859 763 938 campi,
783 859 954 942 juvenique
978 863 1183 946 propinquat,

255 975 300 1034 Ac
323 971 368 1033 sic
392 971 569 1031 obstantem
590 969 758 1048 compellat
780 966 859 1042 tote,
890 971 1006 1049 homo,
1037 974 1181 1055 quisnam

252 1077 328 1142 Sis?
350 1091 405 1142 sut
426 1077 634 1160 undennis,
662 1078 712 1139 vel
736 1097 875 1159 quonam
898 1101 1028 1159 pergere
1048 1082 1182 1146 rendist,

255 1188 358 1251 Heros
381 1189 597 1268 magnanimus
619 1185 784 1268 respondit
804 1187 877 1248 talia
903 1187 1008 1250 dicens

152 1301 215 1356 590
257 1296 387 1378 ‘Sponte
408 1311 465 1358 tua
486 1297 610 1372 venius,
639 1318 681 1358 an
702 1295 765 1356 huo
786 1307 817 1356 le
838 1295 958 1358 miserit
979 1300 1071 1375 ullus,

262 1401 349 1464 Scire
372 1402 509 1468 velim?'
541 1403 668 1468 Camelo
698 1418 764 1466 tum
788 1403 926 1468 reddidit
947 1408 1003 1471 ore
1025 1413 1180 1491 superbo:

258 1492 363 1574 ‘Noris
394 1512 605 1575 Guntharium
626 1534 728 1594 regem
753 1516 863 1577 tellure
884 1527 1044 1596 potentem

256 1621 311 1682 Me
335 1622 471 1700 misisse,
495 1634 564 1684 tuas
590 1624 765 1709 quaesitum
789 1646 918 1706 pergere
941 1625 1070 1686 ostreas!

208 1711 284 1798 His
304 1738 484 1800 auscultatis
509 1749 703 1817 suggesserat
723 1739 784 1799 hoc
806 1737 987 1801 adolescens

152 1856 214 1913 595
259 1838 383 1931 ‘ignoro
405 1854 548 1934 penitus,
581 1851 761 1934 quid-opus
782 1852 822 1913 sit
843 1854 926 1915 forte
950 1853 1064 1917 viantis
1102 1866 1108 1876 ’

255 1961 397 2024 Scrutari
418 1983 545 2040 causas3
569 1959 622 2023 sed
648 1981 794 2043 promere
819 1981 882 2024 non
913 1961 1117 2042 trepidamus.

253 2066 452 2131 Waltharius
472 2089 586 2145 vocor,
608 2090 649 2129 ex
669 2068 835 2149 Aquitanis
849 2044 925 2125 'sum
948 2081 1125 2144 generatus.

255 2178 282 2236 A
305 2176 446 2254 genitore
468 2195 539 2235 meo
564 2173 703 2236 modicus
723 2193 821 2252 puer,
843 2169 961 2234 obsidis
984 2194 1067 2254 ergo,

260 2282 337 2345 Sum
364 2282 455 2347 datus
477 2282 517 2345 ad
538 2282 669 2364 Hunos3
701 2282 747 2343 ibi
767 2280 854 2358 rixi,
888 2303 1036 2366 muneque
1056 2287 1185 2370 recessi,

152 2400 215 2454 600
258 2392 459 2474 concupiens
480 2393 614 2474 patriam
641 2390 828 2472 dulcemque
853 2389 990 2453 revisere
1017 2394 1159 2470 gentem?

254 2504 371 2567 Missus
384 2501 423 2564 ad
442 2505 537 2565 haer:
558 2501 624 2564 ‘tibi
638 2506 699 2579 jam
721 2498 822 2561 dictus
834 2521 892 2581 per
908 2521 959 2562 me
971 2504 1061 2578 jubet
1075 2503 1178 2582 heros,

174 2653 181 2667 ι
254 2613 299 2676 Ut
321 2634 391 2676 cum
416 2613 569 2674 scriniolis
591 2610 728 2693 equitem
761 2607 815 2671 des
838 2623 931 2692 atque
954 2613 1110 2690 puellam;

252 2721 348 2798 Quod
369 2722 395 2784 si
416 2733 581 2803 promptus
603 2721 683 2801 agis,
713 2720 806 2782 vitam
828 2717 977 2781 concedet
997 2733 1029 2783 et
1051 2724 1158 2782 artus’

205 2812 419 2899 Walthnrius
439 2847 548 2895 contra
566 2831 702 2895 *fidenter
721 2833 853 2915 protulit
873 2834 933 2894 ista

151 2955 212 3008 605
255 2945 401 3007 ‘Stultius
418 2943 544 3005 effatum
572 2966 622 3005 me
645 2964 711 3007 non
733 2943 857 3006 audisse
880 2942 1050 3027 sophistam

259 3050 416 3111 Arbitror.
439 3069 478 3107 en
495 3067 661 3124 memoras,
673 3048 748 3129 quid
761 3051 907 3132 princeps
922 3051 1030 3112 'nescio
1043 3051 1094 3112 vel
1109 3050 1180 3131 quis

259 3153 433 3228 Promittas,
468 3150 553 3234 quod
575 3174 640 3215 non
663 3154 775 3215 retinet
783 3199 792 3231 ,
815 3175 871 3216 nec
894 3159 959 3219 sors
981 3155 1137 3217 retinebit.

255 3263 307 3324 An
330 3258 406 3323 deus
428 3273 490 3339 est,
515 3275 549 3324 ut
568 3268 639 3342 jure
658 3264 737 3326 mihi
758 3263 928 3329 concedere
948 3269 1044 3330 uitam

253 3367 381 3434 Possit?
402 3393 476 3434 num
500 3373 646 3437 manibus
668 3374 784 3454 tetigit,
818 3398 893 3439 uum
916 3398 1039 3439 carcere
1061 3371 1179 3437 trusit?

149 3482 211 3539 610
253 3479 315 3540 Vel
338 3493 411 3560 post
430 3495 516 3564 terga
535 3505 622 3547 meas
643 3487 736 3546 torsit
759 3507 819 3566 per
837 3487 961 3548 vincula
983 3481 1125 3565 palmas?

255 3590 400 3651 Attamen
414 3595 586 3655 ausculta:
619 3593 646 3655 si
668 3615 718 3655 me
741 3596 910 3656 certamine
933 3596 1028 3673 laxat,

147 3701 276 3713 m-

218 3749 272 3797 689
292 3749 411 3801 mettensi
432 3750 463 3804 B.
504 3753 557 3802 681
577 3751 680 3802 nouerit
699 3753 730 3804 Α.
753 3751 776 3803 Ε
803 3756 857 3803 588
876 3753 948 3804 sienis
974 3766 1025 3816 quo
1043 3753 1074 3804 A.
1095 3752 1125 3805 B.
1144 3751 1177 3803 E.

145 3836 201 3892 tes
218 3835 282 3890 irase
301 3839 338 3897 0.,
370 3845 425 3892 696
444 3841 592 3893 dubitamus
612 3842 643 3892 B·
661 3842 708 3893 mit
725 3843 988 3909 sibergeschriebnsm
1008 3842 1176 3909 trepidamus.

145 3931 200 3980 603
218 3944 303 3981 errem
323 3931 364 3996 C„
392 3936 445 3983 605
465 3931 603 3999 sophistas,
615 3932 727 3986 Moiters
741 3935 883 4004 uoniithige
902 3931 1177 4000 inderuug,u11ehss.

145 4016 311 4084 sopiristsm.’³
334 4025 387 4072 608
407 4024 551 4076 sorresdere
571 4024 653 4090 possit
672 4025 705 4084 B.
742 4031 795 4080 609
814 4030 893 4082 uitam
914 4028 946 4081 B.
