2640 4650
147 267 212 334 352
346 254 581 324 GAlalaUS
619 255 691 323 st·
728 256 975 327 vomas.

151 378 376 399 “⁸¹‘'-
717 379 1169 395 *ῌ-ῡ--ιι-

370 483 463 560 Quod
486 485 511 546 si
533 485 579 545 sal
601 486 773 560 evanuerit,

375 592 449 668 Quo
470 591 636 654 condiatur
657 591 766 654 deerit.

281 710 332 768 55.
377 703 526 764 Valemus
548 703 621 763 bino
644 701 850 785 perpendere,

372 810 440 872 Hos
461 830 553 891 posse
576 811 757 887 fatuescere,

370 919 414 981 Ut
435 939 493 998 per
515 900 641 980 inaa‘em
664 921 797 998 gloriam

374 1028 411 1088 In
437 1044 472 1086 os
494 1036 589 1086 ruant
609 1026 794 1088 Leviathan.

279 1143 331 1200 56.
373 1133 409 1194 In
436 1133 543 1194 fabula
568 1131 795 1214 descripsimus,

376 1242 500 1304 Gallum
533 1242 610 1303 ferri
631 1241 812 1316 verticibus,

369 1350 453 1412 Dein
476 1351 588 1411 clausis
612 1350 785 1412 luminibus

368 1463 552 1523 Immersum
576 1463 679 1542 vulpis
702 1461 855 1524 faucibus.

278 1580 329 1637 57.
370 1569 519 1650 Signatur
539 1571 573 1631 in
596 1572 763 1652 vulpecula

368 1678 537 1742 Insidiator
563 1680 727 1756 sathanas,

375 1785 455 1864 Qui,
485 1809 565 1868 quos
586 1789 696 1870 nequit
717 1787 867 1867 potentia,

372 1894 560 1976 Supplantat
581 1895 803 1958 fraudulentia.

276 2014 328 2070 58.
371 2003 431 2064 llic
452 2005 533 2082 gallo
557 2002 791 2086 dampnatitiam

366 2111 484 2176 Suadet
505 2115 609 2194 primo
632 2113 819 2191 jactantiam,

369 2227 445 2285 Post
468 2242 526 2303 per
553 2235 675 2285 rotatus
697 2221 802 2303 inpios

365 2331 442 2409 Ejus
464 2331 588 2394 obvelat
609 2334 728 2394 oculos.
755 2403 758 2408 ,

274 2449 326 2506 59.
367 2439 459 2501 ‘Nam
479 2439 578 2518 inpii,’
605 2441 864 2521 psalmigraphus,

372 2547 555 2607 ‘Ambulant
576 2546 610 2606 in
634 2548 775 2623 circudu,

367 2657 406 2718 Et
425 2657 634 2720 obscurantur
656 2655 748 2733 oculi,

361 2765 411 2827 Ne
434 2765 588 2842 videant,’
611 2767 788 2828 subintulit.

274 2885 325 2940 60.
367 2876 446 2937 Ecce
469 2896 544 2952 vae,
569 2875 656 2957 quod
679 2874 891 2957 promisimus,

370 2979 611 3056 Quodammodo
634 3003 718 3043 nunc
739 2979 897 3064 panditur,

362 3088 444 3150 Nam
467 3108 591 3150 carmen
613 3101 686 3170 post
705 3085 871 3150 laetificum

362 3195 469 3257 Homo
491 3193 572 3258 cadit
592 3197 625 3256 in
648 3201 821 3260 baratrum.

272 3311 324 3367 61.
368 3301 430 3365 Sed
454 3316 526 3365 aute
551 3326 645 3387 quam
679 3306 811 3369 inferius

366 3410 568 3490 Deglutiatur
598 3416 733 3494 penitus,

367 3517 517 3595 Divinam
546 3540 604 3600 per
633 3523 829 3582 clementiam

363 3622 438 3684 Exit
459 3646 514 3686 ora
534 3624 720 3688 Leviathan.

270 3741 322 3797 62.
366 3732 463 3810 Cujus
486 3734 645 3798 maxillam
669 3739 810 3818 perforat

363 3844 420 3905 llle
443 3845 498 3927 qui
518 3847 612 3909 ltamo
634 3849 813 3928 strangulat,

359 3955 387 4015 A
410 3960 496 4031 cujus
517 3957 616 4017 saevis
638 3955 783 4018 dentibus
876 3933 879 3937 ,

359 4066 470 4126 Petrus
491 4079 619 4141 negator
650 4065 794 4126 trahitur.
