2640 4650
146 273 210 337 :ns
546 269 779 337 uumos.
842 349 848 365 ,

321 547 328 562 .
372 502 427 561 llla
451 510 565 579 putans
589 498 629 560 ad
653 512 789 562 aratrum

261 608 266 615 '
375 607 579 669 Deducisibi
601 611 769 687 cognitum.

380 716 445 776 Sub
469 714 566 776 cauda
593 718 677 779 laxat
700 719 871 799 squibulas,

375 824 461 887 Sicut
484 825 580 900 solet,
611 824 816 888 foedissimas.

304 947 328 998 ’.
373 937 458 995 Dum
480 934 624 994 stercoris
646 936 804 1014 quassatio

376 1040 553 1104 Auditura
586 1044 772 1123 presbitero,

373 1153 528 1215 Nummos
552 1165 640 1232 putat
661 1153 831 1234 procedere

377 1262 426 1321 Ex
449 1262 518 1322 alvo
541 1264 652 1322 brutae
676 1263 804 1326 bestiae.

281 1400 284 1407 ¹
322 1417 330 1434 .
374 1371 495 1433 Clamat
525 1371 830 1462 sacerdos:'‘pueri,

377 1482 558 1560 Abscedite‚
576 1481 578 1485 ’
591 1483 763 1561 domestici,

375 1593 468 1654 Solus
490 1614 591 1654 meam
612 1596 789 1674 recolligam

377 1700 477 1774 Quam
502 1701 620 1762 donavi
641 1702 825 1780 pecuniam.’

256 1818 325 1876 147.
370 1811 450 1872 Cum
474 1806 618 1868 sacerdos
641 1807 826 1866 scrutinium
903 1850 907 1855 »

366 1920 429 1980 Per
448 1917 555 1979 fimum
579 1916 651 1978 lacit
673 1914 837 1994 foetidum,

375 2027 483 2089 Unum
507 2028 660 2088 minutum
685 2029 836 2109 repperit,

375 2135 469 2212 Quod
492 2137 674 2198 festinanter
703 2137 823 2217 accipit.

258 2252 329 2313 ms.
372 2249 569 2320 iumentum,
600 2266 670 2306 cum
695 2265 752 2306 sex
773 2251 928 2313 mensium

377 2350 460 2414 Olim
482 2352 591 2411 luisset
613 2353 790 2428 parvulum,

376 2459 504 2521 Vulnus
525 2457 661 2534 suscepit
689 2456 791 2536 stipite

375 2564 439 2628 Ani
457 2563 564 2630 tenelli
581 2562 698 2625 limine.

132 2680 137 2689 '
178 2722 184 2734 ι
258 2685 330 2745 149.
372 2675 423 2737 lbi
443 2674 599 2736 minutum
622 2675 767 2749 substitit,

376 2787 413 2847 ln
436 2783 575 2845 cicatrice
599 2785 699 2857 latuit,

376 2894 466 2977 Equa
488 2914 557 2954 cum
579 2913 725 2954 nummos
746 2878 891 2976 reddidit,

375 3001 463 3078 Quos
489 3004 604 3064 unibus
626 3003 801 3065 subintulit.

324 3159 332 3175 .
374 3113 433 3174 Illa
454 3113 561 3172 scrobs
584 3110 629 3170 illi
651 3114 792 3173 vulneris

375 3221 552 3283 Invenieuti
573 3219 703 3300 proluit,

375 3331 461 3391 Dum
487 3307 654 3403 commovit
674 3327 839 3406 pecuniam

374 3438 411 3498 In
436 3438 534 3498 cliuus
555 3435 774 3498 hordeaceam.

326 3595 332 3611 .
375 3544 432 3606 Est
452 3547 580 3622 vulgare
603 3543 826 3624 proverbium:

376 3650 481 3728 ‘Quod
504 3672 568 3713 non
592 3631 692 3734 prosit
712 3630 846 3715 nonest
869 3657 1005 3719 malum.'
1064 3703 1066 3708 .
1155 3663 1161 3670 “

278 3739 281 3744 .
380 3762 443 3823 Ani
464 3762 539 3822 laesi
561 3764 701 3824 molestia
937 3771 941 3777 '
1143 3747 1148 3756 ⁵

376 3870 555 3931 Presbitero
579 3867 631 3931 dat
651 3867 772 3949 gaudia.

257 3982 329 4036 152.
370 3975 570 4054 Praepositus
597 3998 655 4056 per
677 3974 813 4039 studium

373 4080 549 4146 Sacerdotis
564 4087 648 4164 'petit
668 4085 807 4158 domum,
