2640 4650
280 260 635 394 *nunnitus
680 276 1002 377 fragm.xu⁷.xv.,-
1103 297 1165 363 eso

146 544 187 602 75
231 533 335 612 Quam
357 530 395 596 de
419 552 452 595 se
475 541 630 612 sumptam
652 546 722 609 cum
744 527 993 610 proclamaverat
1014 525 1123 606 Adam,

231 645 308 723 Dic,
335 644 392 706 ubi
411 660 572 704 concessas
594 640 685 702 binas
710 638 770 701 eibi
798 639 908 718 legeris
928 635 1034 702 Evae?

230 755 311 818 Cum
332 753 562 829 meretricares‚
586 770 685 813 essem
707 762 844 810 scortum
863 748 921 809 tibi
941 745 1060 812 velles?

228 864 336 939 Absit,
358 874 394 925 ut
414 863 474 924 hoc
495 872 587 943 pacto
609 860 668 923 tibi
688 865 809 940 jungar.
849 857 945 940 vade,
967 860 1078 941 valeto,
1172 877 1175 882 '

226 973 268 1036 Et
288 985 592 1058 quantumcumque,
621 983 776 1050 scortare,
798 969 891 1046 velis,
913 970 980 1033 sine
1003 971 1057 1035 sed
1079 994 1140 1036 me.

143 1088 184 1148 8'0
227 1086 291 1149 Tot
319 1097 393 1148 sunt
420 1085 454 1146 in
483 1081 601 1145 mundo
624 1082 682 1144 tibi
703 1102 760 1142 ceu
782 1102 847 1163 quo
869 1094 933 1144 tam
953 1085 1033 1145 bene
1056 1087 1165 1148 nub0.'

229 1194 280 1257 Sic
302 1194 408 1257 dicens
430 1191 568 1274 gladium
592 1193 653 1253 sibi
672 1192 808 1273 liquerat
832 1204 864 1252 et
888 1182 1052 1272 digitalem.
1071 1278 1073 1282 Ι
1155 1261 1157 1263 .

231 1303 291 1365 Cui
313 1303 393 1371 dixit
412 1287 556 1382 juvenis:
578 1302 660 1378 ‘fiat,
685 1298 810 1376 dilecta,
833 1303 918 1365 velut
937 1301 998 1366 uis.

232 1406 393 1496 Umquam
415 1412 443 1473 si
461 1413 589 1488 faciam,
610 1410 668 1472 tibi
690 1431 771 1492 quae
794 1408 908 1473 dedero
927 1412 1011 1474 bona
1022 1410 1166 1494 perdam,
1184 1441 1188 1445 ’
1221 1467 1229 1477 ,

180 1568 194 1610 ³.
228 1522 320 1585 Istius
343 1523 451 1604 capitis
481 1517 745 1601 abscindendique
768 1532 880 1601 potens
902 1521 965 1584 sis.’

115 1714 117 1719 ,
144 1639 184 1696 85
230 1630 319 1710 Quae
344 1630 502 1695 modicum
523 1629 628 1692 ridens
652 1628 692 1715 ad
717 1651 788 1691 eum
810 1639 939 1713 seseque
962 1644 1121 1694 revertens

136 1810 139 1815 ,
229 1741 354 1825 Inquit:
384 1743 430 1804 ‘ea
451 1743 518 1820 lege
539 1739 635 1803 modo
658 1743 825 1824 jungamur
847 1740 914 1800 sine
940 1731 1071 1802 fraude?
1105 1779 1107 1783 ,

231 1854 334 1932 Hujus
358 1852 470 1913 ‘amen’
491 1849 570 1912 dixit
591 1868 706 1929 procus
729 1861 758 1910 et
783 1829 843 1912 sibi
864 1852 951 1912 basia
972 1850 1051 1927 fixit,
1106 1920 1108 1924 ,

232 1962 290 2022 Hie
312 1962 357 2022 ita
378 1959 552 2036 conjunctis
575 1958 676 2018 enesis
695 1955 731 2017 fit
750 1961 885 2019 maxima
914 1961 1023 2040 plebis,

228 2063 408 2125 Laudantee
431 2063 592 2124 dominum
615 2063 812 2124 cantizabaut
830 2066 1051 2143 hymenaeum.
1101 2054 1102 2057 Ἴ

147 2175 188 2229 90
231 2167 358 2231 Rotlieb
389 2169 546 2250 pellicium
571 2167 700 2230 dederat
718 2171 799 2230 bene
821 2168 913 2233 valde
934 2172 1073 2251 galatum

204 2328 207 2332 .
231 2277 382 2360 Sponso,‘
399 2278 451 2341 vel
473 2280 628 2340 crusinam
650 2278 749 2341 limbo
771 2291 873 2341 terrae
895 2278 1107 2359 crepitantem.

229 2390 294 2452 Dat
315 2401 347 2451 et
368 2410 484 2472 equum
506 2392 637 2452 celerem
660 2389 721 2452 sibi
744 2386 865 2472 compte
887 2403 934 2452 sat
957 2390 1134 2457 faleratum.

165 2539 170 2547 ·
226 2501 376 2563 Munerat
397 2513 427 2561 et
450 2511 583 2581 sponsae
607 2496 838 2580 consanguineo
868 2498 1012 2562 sociatae.
1117 2486 1123 2497 Χ

226 2609 310 2671 Huic
330 2608 390 2670 tria
410 2607 463 2684 dat
483 2611 643 2691 spinthra‚
666 2630 747 2691 quae
761 2610 868 2671 velent
882 2612 1162 2691 pectorapulchra,

142 2725 182 2784 95
224 2721 328 2802 Atque
349 2718 402 2780 dat
425 2720 561 2780 armillas
582 2720 642 2781 sibi
664 2718 714 2779 bis
736 2719 825 2780 binas
847 2737 1006 2799 operosas.

226 2832 266 2893 Et
287 2828 406 2910 pariter
424 2827 484 2889 sibi
504 2840 567 2891 tres
592 2827 645 2888 dat
666 2839 836 2905 gemmatos
859 2827 1006 2907 digitales,

224 2940 352 3018 Datque
373 2933 591 3014 superductam
617 2955 709 2998 cocco
731 2937 888 3023 crusinam
908 2938 1095 3017 migalinam.

229 3042 340 3104 Cetera
363 3045 455 3104 turba
476 3066 532 3107 sua
553 3044 615 3107 eibi
634 3040 710 3105 dant
729 3045 887 3124 sponsalia
909 3066 1032 3125 magna.

229 3149 371 3227 Qualiter
391 3153 474 3215 inter
496 3172 528 3216 se
549 3150 756 3228 concordent,
785 3150 861 3232 quid
882 3153 960 3216 mihi
985 3151 1101 3215 curae?
1162 3204 1166 3217 .
1251 3157 1254 3165 “

612 3481 691 3590 auf.¹

225 3669 358 3755 Haerea
376 3667 455 3755 tunc
479 3693 600 3769 ualeat,
621 3692 648 3754 si
669 3691 752 3755 filius
774 3693 852 3754 haul
873 3691 933 3756 sibi
952 3693 1026 3770 fiat‚'
1091 3752 1093 3756 .
1161 3725 1273 3780 som·

226 3803 262 3868 si
278 3789 367 3882 sine,
388 3804 453 3883 dic,
471 3805 591 3882 liberio,
616 3802 693 3885 quid
716 3805 792 3880 erit,
822 3803 884 3884 fili,
908 3801 1076 3869 morieris?

226 3913 278 3973 De
301 3914 418 3993 nostrii
441 3915 537 3976 rebus
563 3912 623 3974 erit
647 3912 807 3987 altercatio
829 3914 965 3992 grandis.
998 3925 1002 3930 '

227 4018 387 4082 Deficiunt
406 4023 489 4085 vires
511 4022 643 4085 omuino
665 4022 743 4083 mihi
763 4020 969 4100 juveni[les]‚l

229 4125 312 4188 Nam
334 4123 432 4190 denos
455 4150 572 4207 anuos,
599 4150 682 4212 quos
704 4143 738 4191 tu
759 4130 864 4191 fueras
888 4126 970 4208 apud
994 4129 1127 4208 [Afros]‚
