2640 4650
401 272 407 284 ”
520 278 776 368 ncrasts.
1096 285 1160 349 roe

147 409 419 420 —..-..-.--..---

462 546 464 560 ‹
507 509 676 592 leopardus
698 509 793 571 leoni.

247 618 359 696 ‘Quem
382 621 444 680 scio
467 598 648 699 pervigilem
672 617 794 696 [talem]
819 597 1136 697 perferrelaborem?

142 734 205 790 760
248 724 330 802 Quid
353 726 451 807 prosit
473 727 611 809 quaerit,
634 723 709 806 quid
732 723 912 788 delectabile
934 729 1054 806 poscit!

623 831 685 893 leo.

250 941 333 1005 ‘Non
358 943 494 1007 missura
515 950 617 1002 cutem
638 938 700 1000 nisi
722 938 815 1019 plena
837 939 957 1002 cruoris
980 942 1105 1009 hirudo.

247 1049 342 1109 Juxta
362 1048 443 1111 velle
465 1058 552 1107 tunm
564 1088 573 1120 ,
601 1038 681 1107 velle
704 1056 766 1119 est,
789 1047 939 1107 extollere
961 1049 1115 1143 pardum.r

245 1157 339 1219 Escas
363 1177 426 1217 non
450 1153 568 1234 capiam
581 1194 589 1227 ,
611 1150 710 1211 donec
734 1154 815 1229 capit
837 1153 890 1215 ille
908 1161 1075 1221 coronam.’

526 1260 636 1338 vulpes
658 1256 769 1340 pardo.

247 1367 305 1429 ‘Ne
329 1388 417 1430 mora
438 1367 493 1443 sit,
515 1366 581 1446 regi
602 1366 684 1427 saltu
706 1378 885 1428 transcurre
909 1368 1033 1445 celebri,
1119 1384 1122 1389 ’

143 1482 204 1537 765
247 1476 340 1556 Regis
363 1476 538 1556 praelectus
560 1495 657 1555 regno
680 1475 824 1537 scriberis
846 1474 1021 1538 secundus?

541 1583 658 1668 pardus
680 1584 778 1664 vulpi.

249 1692 379 1756 ‘Mentis
405 1694 445 1754 sit
467 1695 588 1773 primo,
620 1693 645 1752 si
667 1690 803 1754 vinceris
825 1692 914 1752 hoste
935 1691 1113 1772 superbo?’

530 1800 633 1882 vulpis
656 1798 779 1882 pardo.

250 1907 384 1970 ‘Decidit
400 1910 433 1968 in
446 1910 605 1990 laqueum,
624 1930 716 1989 quem
729 1904 841 1969 fraude
853 1905 1025 1970 tetenderat
1042 1910 1164 1991 ipsum3

252 2012 302 2072 Sic
322 2011 428 2073 David
449 2013 577 2087 cecinit,
598 2003 733 2091 perraro*
753 2014 829 2072 baec
851 2012 918 2072 alea
940 2013 1040 2075 fallit!

359 2195 362 2202 Ι
584 2116 711 2197 pardus.

248 2225 324 2286 ‘Jam
349 2244 448 2306 prope
470 2225 652 2305 psalterium
674 2223 763 2287 linivi
786 2223 921 2283 carmine
946 2243 1078 2305 sacrum,

145 2339 207 2392 770
251 2333 438 2394 incumbens
458 2333 575 2408 veniis,
601 2354 649 2417 ne·
663 2334 771 2395 forsan
794 2330 1007 2395 victimareris.

247 2441 388 2503 Psalmos
410 2442 559 2522 explebo,
582 2440 680 2502 cecini
702 2460 782 2523 quos
809 2459 908 2520 usque
932 2454 1099 2519 memento,

250 2551 373 2612 Psalmo
402 2549 490 2612 finito
513 2552 668 2612 curvabat
691 2549 811 2632 poplite
832 2547 916 2611 fix0.’

250 2657 451 2720 Concurrunt
473 2660 584 2733 ambo,
605 2661 741 2737 psalmos
764 2659 883 2736 pariter
904 2655 1075 2734 recitando,

249 2767 362 2850 Deque
384 2767 484 2829 tribus
506 2765 612 2846 pueris
635 2763 709 2823 dum
731 2764 799 2825 laus
821 2764 929 2827 finitur
952 2767 991 2825 ab
1013 2766 1084 2845 illis,

145 2884 207 2938 775
250 2874 290 2935 Se
314 2873 435 2936 sociant
458 2873 541 2949 regi,
561 2870 751 2933 benedicunt
775 2873 965 2952 suscipienti.

251 2977 279 3041 0
303 2979 357 3060 qui
377 2981 559 3059 complexus
583 2992 613 3039 et
637 2978 749 3057 gaudia
773 2992 888 3060 quanta
911 2978 1057 3041 suerunt!

247 3084 307 3145 Hic
330 3084 559 3157 benedicendus
582 3087 740 3149 communi
767 3101 849 3149 sorte
872 3087 1023 3149 beandus.
1116 3167 1117 3170 Ἴ

248 3194 385 3258 Ducitur
413 3195 556 3276 inpransi
577 3209 738 3276 susceptus
769 3195 867 3260 laude.
885 3197 1033 3275 magistri,

250 3304 337 3365 Dum
360 3317 463 3365 manet
484 3304 516 3364 in
542 3303 651 3366 mediis
675 3304 794 3367 medius
817 3306 991 3388 permixtus
1014 3306 1119 3369 amicis

143 3422 205 3476 780
247 3413 407 3494 Unguitur
428 3413 461 3474 in
485 3434 587 3492 regem
603 3435 672 3475 cum
686 3415 817 3475 fratrum
834 3427 905 3496 post
918 3436 1047 3498 quoque
1060 3414 1163 3490 laude,

247 3525 283 3585 ln
307 3522 441 3605 speciem
464 3523 551 3603 regni
572 3523 670 3584 virnit
693 3521 805 3585 domus
827 3525 928 3585 aulica
949 3527 1041 3604 regis.

247 3629 339 3691 Tunc
359 3650 392 3691 se
412 3631 592 3713 proluerat,
616 3651 739 3693 mensas
762 3654 801 3693 ex
826 3631 936 3711 ordipe
958 3631 1070 3706 donat,

249 3736 410 3818 imperitat
431 3739 587 3816 geminare
610 3741 714 3815 cibos,
737 3753 771 3800 nt
792 3742 895 3819 regius
920 3741 967 3801 est
987 3761 1065 3816 mos,

249 3843 330 3904 Nam
351 3841 438 3907 vadit
460 3862 597 3921 sessum,
618 3865 694 3925 prae
714 3867 819 3909 mensa
842 3847 933 3928 ponit
954 3845 1097 3920 amicum,

141 4001 396 4017 u——u-——-...-

216 4099 265 4148 tot
286 4096 359 4151 irodo
379 4100 409 4151 Α.
507 4101 560 4150 tos
577 4100 612 4151 sis
630 4102 661 4152 Α.
703 4081 706 4090 ’
724 4159 731 4180 Ι
