2640 4650
154 319 239 366 mli

164 424 270 436 -ι--ιι

220 566 238 620 6
284 527 409 623 Gallus
431 551 625 627 infirmatur‚
662 547 776 611 abula
806 545 991 626 retardatur,

281 662 341 726 Cui
363 657 489 722 mandat
519 669 620 719 motus
641 654 727 739 quod
751 668 847 719 restet
871 653 1096 732 columbanus,

281 772 393 836 Missas
416 786 587 850 numquam
611 750 745 827 celebret
767 785 799 827 se
822 765 930 827 uiuunt
954 764 1059 850 quoad
1081 766 1184 831 sciret.

281 877 405 960 Repetit
421 874 600 937 febricitans
622 871 793 950 Arbonnm,
815 871 973 934 Christum
1004 877 1183 957 supplicans

282 989 381 1068 Egros
405 958 610 1059 alienantem,
632 981 726 1043 faciat
747 1001 779 1043 se
802 984 968 1043 unientem.
1244 1024 1263 1055 ,

219 1109 235 1162 7
281 1072 453 1159 presbiter
476 1092 601 1155 Christo
624 1115 713 1157 carus
735 1093 787 1156 dat
814 1096 925 1155 lectum
948 1092 1165 1174 Uuillimarus,

284 1211 514 1275 Conuuleseeus
540 1209 649 1270 Gallus
672 1210 822 1272 siluarum
844 1208 877 1270 fit
901 1229 975 1271 urox
999 1210 1120 1276 auidus.

286 1320 364 1382 Dux
386 1320 419 1381 fit
444 1313 645 1393 Hiltibaldus,
669 1315 805 1378 occurrit
828 1315 916 1378 locus
950 1316 1142 1394 commodus,

202 1491 210 1507 ⁸
284 1412 428 1488 Glaruant
447 1421 728 1506 daurnsdpmoues‚
750 1434 907 1483 retentant
922 1421 1047 1484 Gallum
1062 1444 1185 1506 uepres,

261 1536 447 1597 ¹Diaronus
471 1534 617 1608 accurrit,
645 1533 769 1612 lapsans
790 1531 877 1592 iilum
901 1530 1031 1595 distulit.

226 1658 244 1710 8
290 1619 415 1709 Gallus
438 1645 519 1707 forte
540 1645 694 1725 psalmum
718 1643 749 1702 in
771 1663 825 1705 ore
852 1654 934 1705 tenet
957 1645 1090 1706 almum:

286 1759 424 1842 Requies
445 1759 502 1840 hec
525 1770 570 1821 est
592 1777 660 1818 urea
682 1777 739 1837 per
764 1759 937 1839 seculorum
961 1760 1072 1842 secula,

287 1869 419 1950 Semper
440 1868 490 1928 hie
513 1866 672 1948 habitabo,
696 1865 788 1928 deuru
814 1888 917 1931 meum
938 1866 1106 1932 inuocabo.

286 1978 431 2040 Hiltibalt
455 1996 583 2056 percare
612 1975 671 2038 iam
696 1971 760 2036 noli
782 1996 831 2036 me
857 1988 973 2053 uetare,

285 2089 379 2149 Libet
401 2082 444 2147 sic
468 2085 589 2161 iacere,
613 2083 678 2146 uoli
700 2086 864 2147 sustinere.

225 2213 243 2268 9
290 2174 398 2265 Instat
420 2197 547 2261 tandem
569 2197 675 2262 triduo
699 2197 749 2261 uir
771 2194 892 2259 domini
913 2195 1042 2275 ieiunio,

288 2311 510 2374 Consecrando
532 2314 635 2375 locunt
656 2311 763 2374 litabat
797 2322 871 2374 uota
892 2332 1032 2391 precum,

287 2421 338 2484 Fit
361 2422 514 2483 ambobus
535 2419 646 2500 ardor,
670 2421 848 2503 procumbit
870 2418 973 2480 omnis
997 2419 1102 2493 arbor,

287 2533 408 2612 Regnat
430 2529 478 2591 uis
499 2530 694 2593 flammarum
721 2528 878 2594 condensa
900 2548 957 2611 per
985 2527 1146 2603 siluarum,

292 2641 392 2706 Infert
414 2659 505 2702 ursus
528 2651 654 2703 truncos
677 2640 740 2721 igni
762 2635 877 2722 p‘nssim
902 2633 1059 2727 aduectos.

209 2760 248 2818 to
293 2729 424 2817 Panem
447 2753 557 2817 Gallus
580 2755 676 2838 bestie
700 2749 841 2835 mirande
863 2748 917 2813 dut
945 2749 1103 2835 modestis,

289 2870 370 2933 Mox
392 2882 426 2937 ut
445 2872 530 2934 hune
555 2872 697 2950 uorauit‚
725 2873 758 2933 in
779 2872 883 2953 lttgam
907 2868 1065 2934 lestiuauit

288 2980 375 3044 Iussu
397 2981 484 3045 siluis
507 2979 639 3058 cedere,
671 2983 721 3044 hic
743 2982 865 3043 nulium
887 2992 958 3063 post
987 2982 1046 3043 hac
1078 2980 1192 3064 ledere.

290 3091 413 3155 Diaron
434 3092 555 3155 iacebat
577 3111 729 3172 soporans
752 3102 783 3151 et
805 3088 943 3168 uitetur,

292 3199 363 3278 Qun
386 3202 500 3264 uirtute
525 3199 634 3262 Gallus
656 3199 753 3281 pollet
783 3197 835 3262 dei
858 3197 1001 3261 famulus.

210 3319 247 3375 11
293 3285 392 3372 Hinc
414 3311 453 3374 de
475 3315 545 3375 loeo
569 3310 717 3394 demones
740 3311 843 3396 abegit
865 3324 896 3374 et
921 3323 1091 3395 serpentes,

291 3423 390 3487 Ducis
412 3437 499 3487 sanat
512 3424 613 3488 liliam
623 3474 634 3503 ‚
657 3447 752 3509 quam
774 3438 863 3489 satan
883 3436 977 3487 uexst
999 3422 1150 3500 rabidam,

292 3532 365 3596 Exit
388 3556 442 3598 ore
466 3547 576 3597 toruus
599 3538 703 3598 colore
726 3545 885 3619 tamquam
905 3554 1030 3613 coruus,

278 3627 395 3708 'Oiiert
417 3642 509 3706 Gallo
532 3641 615 3704 doun
638 3663 696 3725 pro
720 3655 824 3705 mente
846 3642 936 3724 uirgo
956 3663 1042 3722 sana,

295 3748 363 3825 Que
385 3751 531 3836 dispersit
553 3764 685 3830 sauctus,
710 3748 794 3813 dedit
816 3763 846 3812 et
869 3752 1073 3833 pauperibus.

162 3887 463 3906 Μ

239 3962 267 4034 t,
285 3960 304 4008 2
323 3958 363 4010 tur
382 3961 504 4012 situatum
523 3974 563 4011 arn
583 3959 646 4011 rand
665 3957 708 4011 die
726 3959 860 4010 correctus
884 3956 989 4012 deserti.

238 4051 265 4112 s,
283 4050 300 4099 ὓ
318 4047 383 4101 ttbe'r
400 4050 540 4102 sustinere:
558 4047 601 4100 nst
618 4045 763 4098 subtsusre.

241 4136 283 4200 lt),
302 4139 318 4186 a
339 4151 367 4188 es
390 4136 458 4189 stelit
476 4135 576 4201 cedere.
