2640 4650
130 314 151 377 4
451 298 828 371 wlurfllttttts.

163 429 312 441 ΜΠ,
847 421 1166 433 ..-..-----.-...

175 506 312 599 Nobilis
337 535 396 594 boc
420 532 550 610 Hagano
574 532 675 595 tuerat
697 535 757 594 sub
779 543 920 609 tempore
943 540 1034 608 tyro,

220 643 338 706 lndolis
361 643 516 720 egregiae,
544 640 674 704 veniens
697 638 735 702 de
757 639 895 719 germine
917 637 1051 716 Trojae3

220 753 330 828 Hunc,
352 750 427 833 quia
443 748 636 811 Guntharius
654 746 795 810 nondum
812 746 956 827 pervenit
976 743 1015 807 ad
1037 767 1165 823 aevum,

139 869 179 924 30
222 859 266 921 Ut
287 857 353 918 sine
377 867 476 916 matre
498 867 594 936 queat
613 854 710 916 vitam
731 853 867 915 retinere
889 854 1052 930 tenellam,

224 965 301 1026 Cum
324 985 400 1042 gaza
420 964 539 1042 ingenti
562 962 735 1023 decernunt
757 963 879 1022 mittere
901 961 977 1040 regi.

221 1074 287 1134 Nec
310 1092 398 1134 mora
408 1094 437 1152 ςκ
448 1073 541 1150 legati
563 1092 690 1132 censum
711 1074 922 1150 juvenemque
945 1070 1082 1130 ferentes

221 1183 421 1258 Deveniunt,
450 1200 623 1262 pacemque
646 1191 759 1258 rogant
781 1202 816 1242 ac
838 1177 967 1241 foedera
990 1178 1126 1240 firmant.

184 1263 381 1374 Tempore,
411 1315 474 1375 quo
501 1292 611 1356 validis
634 1304 760 1356 steterat
779 1290 964 1377 Burgundia
986 1295 1131 1373 sceptris,

142 1413 181 1468 35
227 1405 323 1481 Cujus
348 1404 515 1484 primatum
538 1402 688 1463 Herricus
711 1403 793 1464 forte
816 1404 958 1480 gerebat,

223 1513 304 1577 Filia
325 1514 398 1572 huic
421 1524 543 1572 tantum
567 1511 627 1571 fuit
651 1511 742 1571 unica
765 1513 893 1573 nomine
914 1510 1075 1590 Hiltgtmt,

225 1623 395 1684 Nobilitate
418 1620 545 1702 quidem
568 1622 689 1701 pollens
713 1641 747 1681 ac
769 1632 929 1681 stemmate
950 1619 1079 1681 formae.
1188 1638 1190 1642 ·

226 1732 346 1793 Debuit
368 1734 444 1792 haec
468 1729 561 1788 heres
584 1731 657 1789 aula
677 1727 815 1789 residere
837 1741 984 1809 paterna,

225 1840 328 1920 Atque
350 1836 404 1898 diu
425 1847 570 1916 congesta
590 1835 672 1911 frui,
701 1835 728 1896 si
751 1837 830 1897 forte
851 1836 970 1897 liceret.

123 1920 333 2032 'solamque
356 1950 476 2011 Avares
497 1949 587 2010 firma
608 1969 678 2010 cum
700 1947 829 2011 Francis
853 1968 930 2029 pace
950 1959 1076 2028 peracta

229 2056 432 2139 Suspendunt
451 2078 470 2117 a
490 2055 553 2117 fine
575 2056 702 2138 quidem
723 2057 859 2137 regionis
881 2077 1005 2119 eorum.

228 2169 322 2230 Attila
344 2164 398 2228 sed
420 2168 535 2227 celeres
559 2184 637 2227 mox
660 2168 722 2227 huc
744 2165 880 2228 deflectit
899 2167 1054 2244 habenas,

228 2277 295 2337 Nec
316 2272 442 2335 tardant
462 2274 578 2357 reliqui
600 2287 740 2356 satrapae
761 2274 890 2353 vestigia
912 2272 1009 2336 adire.

228 2387 320 2446 Ibant
341 2384 466 2464 aequati
485 2403 636 2460 numero,
666 2381 720 2445 sed
743 2394 774 2443 et
796 2383 918 2462 agmine
942 2384 1058 2463 longo;

146 2499 187 2558 45
232 2489 480 2573 Quadrupedum
503 2512 597 2552 cursu
620 2493 712 2553 tellus
735 2512 887 2554 concussa
908 2495 1068 2573 gemebat,

231 2599 397 2662 Scutorum
419 2601 525 2660 sonitu
545 2599 678 2680 pavidus
698 2602 918 2682 superintonet
939 2603 1057 2664 aether.

231 2710 347 2772 Ferrea
369 2709 446 2771 silva
466 2709 556 2768 micat
579 2722 663 2773 totos
685 2686 845 2774 rutilando
868 2732 927 2791 per
948 2729 1057 2790 agros3

125 2872 130 2885 ,
232 2816 326 2876 Haud
350 2817 454 2893 aliter,
483 2820 586 2900 primo
609 2841 703 2902 qnam
726 2822 856 2902 pulsans
877 2838 1015 2900 aequora
1036 2800 1127 2876 mane

230 2927 364 2988 Pulcher
384 2927 416 2986 in
439 2929 586 2988 extremis
608 2930 722 2991 renitet
742 2931 790 2992 sol
810 2930 954 3011 partibus
976 2925 1073 2988 orbis.

147 3046 187 3100 50
230 3039 360 3120 Jamque
371 3038 494 3098 Ararim
505 3034 737 3121 Rodanumque
757 3059 862 3102 amnes
878 3039 1067 3101 transiverat
1083 3033 1171 3109 altos,

234 3154 335 3231 Atque
359 3145 398 3207 ad
423 3144 637 3228 praedandum
664 3170 783 3212 cuneus
806 3148 995 3232 dispergitur
1019 3145 1130 3213 omnis.

188 3229 296 3322 Forte
320 3258 491 3321 Cavillonis
514 3258 593 3320 sedit
615 3260 782 3340 Herricus,
811 3276 842 3323 et
863 3283 933 3325 ecce

231 3367 385 3428 Attollens
407 3368 515 3427 oculos
538 3369 716 3448 speculator
736 3369 928 3431 vociferatur

232 3471 410 3549 ‘Quaenam
434 3472 592 3551 condenso
616 3475 783 3555 consurgit,
799 3475 928 3557 pulvere
952 3462 1074 3530 nubes?

148 3587 188 3642 ⁵5
230 3580 288 3640 Vis
309 3581 434 3642 inimica
455 3584 558 3659 venit,
588 3595 696 3662 portas
719 3589 779 3661 jam
802 3578 934 3644 claudite
956 3573 1099 3639 cunctas.’

231 3685 299 3747 Jam
323 3700 389 3749 tum
411 3685 488 3770 quid
509 3687 624 3750 Franci
646 3690 790 3755 fecissent
811 3690 878 3771 ipse
900 3684 1015 3747 sciebat

200 3865 236 3910 80
255 3862 381 3912 nouellam
400 3859 423 3914 l.
466 3868 566 3918 34-39
586 3866 629 3919 bat
647 3865 659 3918 l
678 3863 742 3918 uach
760 3869 804 3916 st.
850 3864 886 3914 85
904 3857 1029 3910 heriricus
1050 3856 1081 3911 B.
1109 3836 1173 3908 hett-

146 3951 215 4005 rlc¹t⁸
233 3952 255 4006 l·
316 3957 352 4006 36
372 3951 493 4012 hildcnnd
513 3958 544 4012 B.
599 3963 634 4011 31
652 3956 751 4010 formae
770 3953 802 4005 0.
861 3953 898 4003 40
915 3964 1026 4015 namque
1047 3948 1079 4002 B.
1138 3949 1174 3998 4⁸2

146 4043 209 4116 qtloc
229 4043 310 4094 flectit
327 4045 358 4099 c.
421 4048 457 4098 44
475 4050 578 4115 aequali
595 4048 627 4102 0.
688 4050 725 4100 69
744 4043 877 4099 cabillonis
902 4041 970 4096 sedit
996 4040 1121 4096 heriricus
1142 4041 1172 4092 Β.

146 4139 182 4189 54
200 4143 360 4202 consurgunt
380 4138 412 4192 B.
428 4139 459 4192 0.
