<?xml version="1.0" encoding="UTF-8"?>
<!DOCTYPE html PUBLIC "-//W3C//DTD XHTML 1.0 Transitional//EN"
    "http://www.w3.org/TR/xhtml1/DTD/xhtml1-transitional.dtd">
<html xmlns="http://www.w3.org/1999/xhtml" xml:lang="en" lang="en">
 <head>
  <title>
</title>
<meta http-equiv="Content-Type" content="text/html;charset=utf-8" />
  <meta name='ocr-system' content='tesseract 3.04.00' />
  <meta name='ocr-capabilities' content='ocr_page ocr_carea ocr_par ocr_line ocrx_word'/>
</head>
<body>
  <div class='ocr_page' id='page_1' title='image "./lateinischegedi00schmgoog/lateinischegedi00schmgoog_0419.png"; bbox 0 0 2640 4650; ppageno 0'>
   <div class='ocr_carea' id='block_1_1' title="bbox 278 278 895 348">
    <p class='ocr_par' dir='ltr' id='par_1_1' title="bbox 278 278 895 348">
     <span class='ocr_line' id='line_1_1' title="bbox 278 278 895 348; baseline 0.005 -3"><span class='ocrx_word' id='word_1_1' title='bbox 278 278 509 346; x_wconf 81' lang='lat' dir='ltr'>GALLUS</span> <span class='ocrx_word' id='word_1_2' title='bbox 545 279 621 346; x_wconf 69' lang='lat' dir='ltr'>tin</span> <span class='ocrx_word' id='word_1_3' title='bbox 651 279 895 348; x_wconf 76' lang='lat' dir='ltr'>thLt’tts</span> 
     </span>
    </p>
   </div>
   <div class='ocr_carea' id='block_1_2' title="bbox 189 509 872 3952">
    <p class='ocr_par' dir='ltr' id='par_1_2' title="bbox 189 509 745 698">
     <span class='ocr_line' id='line_1_2' title="bbox 209 509 711 584; baseline 0.002 -13"><span class='ocrx_word' id='word_1_4' title='bbox 209 516 261 571; x_wconf 87' lang='grc'>30.</span> <span class='ocrx_word' id='word_1_5' title='bbox 303 511 360 570; x_wconf 90' lang='lat' dir='ltr'>Illa</span> <span class='ocrx_word' id='word_1_6' title='bbox 382 509 543 571; x_wconf 75' lang='lat' dir='ltr'><strong>confestim</strong></span> <span class='ocrx_word' id='word_1_7' title='bbox 566 511 711 584; x_wconf 71' lang='lat' dir='ltr'>substitit,</span> 
     </span>
     <span class='ocr_line' id='line_1_3' title="bbox 189 604 745 698; baseline 0.002 -21"><span class='ocrx_word' id='word_1_8' title='bbox 189 604 192 609; x_wconf 36' lang='lat'><strong><em>⁵</em></strong></span> <span class='ocrx_word' id='word_1_9' title='bbox 299 617 426 678; x_wconf 88' lang='lat' dir='ltr'>Pullum</span> <span class='ocrx_word' id='word_1_10' title='bbox 449 619 480 678; x_wconf 91' lang='lat' dir='ltr'>iu</span> <span class='ocrx_word' id='word_1_11' title='bbox 514 618 599 678; x_wconf 77' lang='lat' dir='ltr'>terra</span> <span class='ocrx_word' id='word_1_12' title='bbox 630 618 745 698; x_wconf 81' lang='lat' dir='ltr'>posuit,</span> 
     </span>
    </p>

    <p class='ocr_par' dir='ltr' id='par_1_3' title="bbox 303 725 748 917">
     <span class='ocr_line' id='line_1_4' title="bbox 303 725 748 805; baseline 0.002 -19"><span class='ocrx_word' id='word_1_13' title='bbox 303 725 422 787; x_wconf 82' lang='lat' dir='ltr'>Contra</span> <span class='ocrx_word' id='word_1_14' title='bbox 443 727 554 805; x_wconf 87' lang='lat' dir='ltr'>vulgus</span> <span class='ocrx_word' id='word_1_15' title='bbox 578 728 748 788; x_wconf 86' lang='lat' dir='ltr'>revertitur</span> 
     </span>
     <span class='ocr_line' id='line_1_5' title="bbox 304 833 739 917; baseline 0 -23"><span class='ocrx_word' id='word_1_16' title='bbox 304 833 344 895; x_wconf 91' lang='lat' dir='ltr'>Et</span> <span class='ocrx_word' id='word_1_17' title='bbox 365 835 439 912; x_wconf 86' lang='lat' dir='ltr'>galli</span> <span class='ocrx_word' id='word_1_18' title='bbox 461 838 558 897; x_wconf 85' lang='lat' dir='ltr'>verba</span> <span class='ocrx_word' id='word_1_19' title='bbox 586 834 739 917; x_wconf 90' lang='lat' dir='ltr'>loquitur.</span> 
     </span>
    </p>

    <p class='ocr_par' dir='ltr' id='par_1_4' title="bbox 208 943 811 1351">
     <span class='ocr_line' id='line_1_6' title="bbox 208 943 759 1023; baseline -0.004 -19"><span class='ocrx_word' id='word_1_20' title='bbox 208 948 260 1006; x_wconf 88' lang='grc'>31.</span> <span class='ocrx_word' id='word_1_21' title='bbox 302 944 343 1005; x_wconf 85' lang='lat' dir='ltr'>At</span> <span class='ocrx_word' id='word_1_22' title='bbox 363 943 417 1004; x_wconf 88' lang='lat' dir='ltr'>ille</span> <span class='ocrx_word' id='word_1_23' title='bbox 440 948 586 1023; x_wconf 82' lang='lat' dir='ltr'>surgens</span> <span class='ocrx_word' id='word_1_24' title='bbox 600 953 759 1023; x_wconf 79' lang='lat' dir='ltr'>properat,</span> 
     </span>
     <span class='ocr_line' id='line_1_7' title="bbox 301 1051 726 1135; baseline -0.007 -21"><span class='ocrx_word' id='word_1_25' title='bbox 301 1054 341 1114; x_wconf 90' lang='lat' dir='ltr'>Et</span> <span class='ocrx_word' id='word_1_26' title='bbox 362 1051 480 1135; x_wconf 89' lang='lat' dir='ltr'>plausis</span> <span class='ocrx_word' id='word_1_27' title='bbox 509 1053 566 1114; x_wconf 90' lang='lat' dir='ltr'>alis</span> <span class='ocrx_word' id='word_1_28' title='bbox 589 1053 726 1126; x_wconf 86' lang='lat' dir='ltr'>abvolat,</span> 
     </span>
     <span class='ocr_line' id='line_1_8' title="bbox 303 1147 811 1243; baseline 0 -22"><span class='ocrx_word' id='word_1_29' title='bbox 303 1161 379 1223; x_wconf 87' lang='lat' dir='ltr'>Post</span> <span class='ocrx_word' id='word_1_30' title='bbox 405 1180 497 1243; x_wconf 90' lang='lat' dir='ltr'>quem</span> <span class='ocrx_word' id='word_1_31' title='bbox 519 1161 629 1240; x_wconf 86' lang='lat' dir='ltr'>vulpes</span> <span class='ocrx_word' id='word_1_32' title='bbox 651 1147 811 1238; x_wconf 78' lang='lat' dir='ltr'>acceleret,</span> 
     </span>
     <span class='ocr_line' id='line_1_9' title="bbox 301 1267 792 1351; baseline 0.002 -19"><span class='ocrx_word' id='word_1_33' title='bbox 301 1270 365 1332; x_wconf 86' lang='lat' dir='ltr'>Sed</span> <span class='ocrx_word' id='word_1_34' title='bbox 387 1291 492 1351; x_wconf 84' lang='lat' dir='ltr'>penna</span> <span class='ocrx_word' id='word_1_35' title='bbox 520 1267 633 1350; x_wconf 89' lang='lat' dir='ltr'>pedem</span> <span class='ocrx_word' id='word_1_36' title='bbox 656 1284 792 1350; x_wconf 88' lang='lat' dir='ltr'>superat.</span> 
     </span>
    </p>

    <p class='ocr_par' dir='ltr' id='par_1_5' title="bbox 209 1376 729 1791">
     <span class='ocr_line' id='line_1_10' title="bbox 209 1376 714 1457; baseline -0.004 -16"><span class='ocrx_word' id='word_1_37' title='bbox 209 1385 261 1444; x_wconf 84' lang='grc'>32.</span> <span class='ocrx_word' id='word_1_38' title='bbox 304 1378 387 1439; x_wconf 88' lang='lat' dir='ltr'>Hinc</span> <span class='ocrx_word' id='word_1_39' title='bbox 409 1376 571 1457; x_wconf 86' lang='lat' dir='ltr'>indignata</span> <span class='ocrx_word' id='word_1_40' title='bbox 593 1376 714 1439; x_wconf 86' lang='lat' dir='ltr'>duriter</span> 
     </span>
     <span class='ocr_line' id='line_1_11' title="bbox 305 1486 728 1567; baseline -0.002 -18"><span class='ocrx_word' id='word_1_41' title='bbox 305 1486 392 1550; x_wconf 88' lang='lat' dir='ltr'>Fixit</span> <span class='ocrx_word' id='word_1_42' title='bbox 414 1486 546 1567; x_wconf 89' lang='lat' dir='ltr'>gradum</span> <span class='ocrx_word' id='word_1_43' title='bbox 577 1488 728 1564; x_wconf 82' lang='lat' dir='ltr'>celeriter,</span> 
     </span>
     <span class='ocr_line' id='line_1_12' title="bbox 302 1594 713 1679; baseline -0.007 -21"><span class='ocrx_word' id='word_1_44' title='bbox 302 1594 417 1679; x_wconf 81' lang='lat' dir='ltr'>Sisque</span> <span class='ocrx_word' id='word_1_45' title='bbox 438 1609 543 1658; x_wconf 90' lang='lat' dir='ltr'>mente</span> <span class='ocrx_word' id='word_1_46' title='bbox 565 1597 713 1658; x_wconf 84' lang='lat' dir='ltr'>malivola</span> 
     </span>
     <span class='ocr_line' id='line_1_13' title="bbox 302 1683 729 1791; baseline -0.005 -23"><span class='ocrx_word' id='word_1_47' title='bbox 302 1706 470 1786; x_wconf 83' lang='lat' dir='ltr'>intorquet</span> <span class='ocrx_word' id='word_1_48' title='bbox 487 1683 729 1791; x_wconf 77' lang='lat' dir='ltr'>imprecamine:</span> 
     </span>
    </p>

    <p class='ocr_par' dir='ltr' id='par_1_6' title="bbox 209 1814 851 2216">
     <span class='ocr_line' id='line_1_14' title="bbox 209 1814 770 1897; baseline -0.007 -20"><span class='ocrx_word' id='word_1_49' title='bbox 209 1821 262 1878; x_wconf 90' lang='grc'>33.</span> <span class='ocrx_word' id='word_1_50' title='bbox 303 1816 458 1876; x_wconf 86' lang='lat' dir='ltr'>‘Inourrat</span> <span class='ocrx_word' id='word_1_51' title='bbox 477 1814 585 1892; x_wconf 84' lang='lat' dir='ltr'>lingua</span> <span class='ocrx_word' id='word_1_52' title='bbox 609 1814 770 1897; x_wconf 59' lang='lat' dir='ltr'>pustulas,</span> 
     </span>
     <span class='ocr_line' id='line_1_15' title="bbox 302 1919 792 2003; baseline -0.002 -22"><span class='ocrx_word' id='word_1_53' title='bbox 302 1919 406 1994; x_wconf 89' lang='lat' dir='ltr'>Quam</span> <span class='ocrx_word' id='word_1_54' title='bbox 434 1919 574 1999; x_wconf 81' lang='lat' dir='ltr'>possidet</span> <span class='ocrx_word' id='word_1_55' title='bbox 601 1923 792 2003; x_wconf 81' lang='lat' dir='ltr'>loquacitas,</span> 
     </span>
     <span class='ocr_line' id='line_1_16' title="bbox 300 2024 851 2110; baseline 0.004 -24"><span class='ocrx_word' id='word_1_56' title='bbox 300 2025 381 2086; x_wconf 84' lang='lat' dir='ltr'>Cum</span> <span class='ocrx_word' id='word_1_57' title='bbox 402 2038 450 2088; x_wconf 84' lang='lat' dir='ltr'>est</span> <span class='ocrx_word' id='word_1_58' title='bbox 473 2024 682 2106; x_wconf 82' lang='lat' dir='ltr'>dampnosum</span> <span class='ocrx_word' id='word_1_59' title='bbox 703 2028 851 2110; x_wconf 88' lang='lat' dir='ltr'>proloqui</span> 
     </span>
     <span class='ocr_line' id='line_1_17' title="bbox 302 2133 794 2216; baseline 0.002 -20"><span class='ocrx_word' id='word_1_60' title='bbox 302 2133 416 2216; x_wconf 84' lang='lat' dir='ltr'>Neque</span> <span class='ocrx_word' id='word_1_61' title='bbox 437 2136 481 2196; x_wconf 88' lang='lat' dir='ltr'>sic</span> <span class='ocrx_word' id='word_1_62' title='bbox 501 2137 584 2198; x_wconf 84' lang='lat' dir='ltr'>valet</span> <span class='ocrx_word' id='word_1_63' title='bbox 609 2137 794 2216; x_wconf 61' lang='lat' dir='ltr'>comprimi!</span> 
     </span>
    </p>

    <p class='ocr_par' dir='ltr' id='par_1_7' title="bbox 213 2244 839 2653">
     <span class='ocr_line' id='line_1_18' title="bbox 213 2244 839 2324; baseline 0.002 -18"><span class='ocrx_word' id='word_1_64' title='bbox 213 2244 265 2307; x_wconf 86' lang='grc'>34.</span> <span class='ocrx_word' id='word_1_65' title='bbox 306 2244 382 2306; x_wconf 82' lang='lat' dir='ltr'>‘Has</span> <span class='ocrx_word' id='word_1_66' title='bbox 403 2244 566 2307; x_wconf 86' lang='lat' dir='ltr'>incurrant</span> <span class='ocrx_word' id='word_1_67' title='bbox 587 2259 616 2308; x_wconf 87' lang='lat' dir='ltr'>et</span> <span class='ocrx_word' id='word_1_68' title='bbox 647 2247 750 2324; x_wconf 87' lang='lat' dir='ltr'>oculi,’</span> <span class='ocrx_word' id='word_1_69' title='bbox 836 2283 839 2288; x_wconf 92' lang='lat'><em>-</em></span> 
     </span>
     <span class='ocr_line' id='line_1_19' title="bbox 307 2353 755 2431; baseline 0.004 -17"><span class='ocrx_word' id='word_1_70' title='bbox 307 2353 416 2414; x_wconf 88' lang='lat' dir='ltr'>Gallus</span> <span class='ocrx_word' id='word_1_71' title='bbox 438 2373 455 2412; x_wconf 93' lang='lat' dir='ltr'>e</span> <span class='ocrx_word' id='word_1_72' title='bbox 479 2366 589 2431; x_wconf 88' lang='lat' dir='ltr'>contra</span> <span class='ocrx_word' id='word_1_73' title='bbox 609 2353 755 2431; x_wconf 87' lang='lat' dir='ltr'>reddidit,</span> 
     </span>
     <span class='ocr_line' id='line_1_20' title="bbox 304 2459 815 2543; baseline 0.006 -21"><span class='ocrx_word' id='word_1_74' title='bbox 304 2459 379 2537; x_wconf 82' lang='lat' dir='ltr'>‘Qut</span> <span class='ocrx_word' id='word_1_75' title='bbox 400 2473 511 2543; x_wconf 89' lang='lat' dir='ltr'>sponte</span> <span class='ocrx_word' id='word_1_76' title='bbox 539 2474 637 2525; x_wconf 88' lang='lat' dir='ltr'>semet</span> <span class='ocrx_word' id='word_1_77' title='bbox 658 2465 815 2540; x_wconf 89' lang='lat' dir='ltr'>occulunt,</span> 
     </span>
     <span class='ocr_line' id='line_1_21' title="bbox 307 2569 776 2653; baseline 0.011 -22"><span class='ocrx_word' id='word_1_78' title='bbox 307 2569 387 2633; x_wconf 83' lang='lat' dir='ltr'>Cum</span> <span class='ocrx_word' id='word_1_79' title='bbox 408 2570 551 2633; x_wconf 90' lang='lat' dir='ltr'>imminet</span> <span class='ocrx_word' id='word_1_80' title='bbox 570 2571 776 2653; x_wconf 80' lang='lat' dir='ltr'>periculnml’</span> 
     </span>
    </p>

    <p class='ocr_par' dir='ltr' id='par_1_8' title="bbox 202 2651 817 3084">
     <span class='ocr_line' id='line_1_22' title="bbox 202 2651 722 2764; baseline -0.01 -13"><span class='ocrx_word' id='word_1_81' title='bbox 202 2695 252 2751; x_wconf 86' lang='grc'>35.</span> <span class='ocrx_word' id='word_1_82' title='bbox 273 2651 351 2747; x_wconf 80' lang='lat' dir='ltr'>Jam</span> <span class='ocrx_word' id='word_1_83' title='bbox 373 2705 432 2746; x_wconf 91' lang='lat' dir='ltr'>nos</span> <span class='ocrx_word' id='word_1_84' title='bbox 452 2704 636 2764; x_wconf 88' lang='lat' dir='ltr'>spernemus</span> <span class='ocrx_word' id='word_1_85' title='bbox 658 2687 722 2746; x_wconf 87' lang='lat' dir='ltr'>otia</span> 
     </span>
     <span class='ocr_line' id='line_1_23' title="bbox 304 2789 715 2870; baseline 0.002 -18"><span class='ocrx_word' id='word_1_86' title='bbox 304 2792 439 2852; x_wconf 89' lang='lat' dir='ltr'>Prorsus</span> <span class='ocrx_word' id='word_1_87' title='bbox 461 2790 540 2851; x_wconf 84' lang='lat' dir='ltr'>nutti</span> <span class='ocrx_word' id='word_1_88' title='bbox 565 2789 715 2870; x_wconf 86' lang='lat' dir='ltr'>proficua.</span> 
     </span>
     <span class='ocr_line' id='line_1_24' title="bbox 306 2888 817 2980; baseline 0.006 -21"><span class='ocrx_word' id='word_1_89' title='bbox 306 2897 429 2974; x_wconf 85' lang='lat' dir='ltr'>Quibus</span> <span class='ocrx_word' id='word_1_90' title='bbox 453 2919 517 2960; x_wconf 91' lang='lat' dir='ltr'>non</span> <span class='ocrx_word' id='word_1_91' title='bbox 541 2913 608 2978; x_wconf 85' lang='lat' dir='ltr'>eget</span> <span class='ocrx_word' id='word_1_92' title='bbox 630 2903 755 2980; x_wconf 87' lang='lat' dir='ltr'>veritas,</span> <span class='ocrx_word' id='word_1_93' title='bbox 805 2888 817 2897; x_wconf 64' lang='grc'><strong>’</strong></span> 
     </span>
     <span class='ocr_line' id='line_1_25' title="bbox 307 3007 751 3084; baseline 0.009 -14"><span class='ocrx_word' id='word_1_94' title='bbox 307 3007 396 3084; x_wconf 87' lang='lat' dir='ltr'>Quae</span> <span class='ocrx_word' id='word_1_95' title='bbox 417 3008 587 3071; x_wconf 87' lang='lat' dir='ltr'>detestatur</span> <span class='ocrx_word' id='word_1_96' title='bbox 618 3010 751 3074; x_wconf 78' lang='lat' dir='ltr'>fabulas.</span> 
     </span>
    </p>

    <p class='ocr_par' dir='ltr' id='par_1_9' title="bbox 212 3116 872 3506">
     <span class='ocr_line' id='line_1_26' title="bbox 212 3116 722 3200; baseline -0.002 -18"><span class='ocrx_word' id='word_1_97' title='bbox 212 3126 264 3182; x_wconf 83' lang='grc'>36.</span> <span class='ocrx_word' id='word_1_98' title='bbox 307 3119 443 3182; x_wconf 86' lang='lat' dir='ltr'>Severus</span> <span class='ocrx_word' id='word_1_99' title='bbox 471 3116 570 3196; x_wconf 84' lang='lat' dir='ltr'>judex</span> <span class='ocrx_word' id='word_1_100' title='bbox 594 3118 722 3200; x_wconf 84' lang='lat' dir='ltr'>ingruit,</span> 
     </span>
     <span class='ocr_line' id='line_1_27' title="bbox 307 3225 727 3306; baseline -0.005 -14"><span class='ocrx_word' id='word_1_101' title='bbox 307 3225 417 3292; x_wconf 82' lang='lat' dir='ltr'>Otiose</span> <span class='ocrx_word' id='word_1_102' title='bbox 446 3225 615 3306; x_wconf 84' lang='lat' dir='ltr'>redarguit.</span> <span class='ocrx_word' id='word_1_103' title='bbox 717 3266 727 3295; x_wconf 87' lang='lat'>.·</span> 
     </span>
     <span class='ocr_line' id='line_1_28' title="bbox 306 3334 872 3418; baseline 0.002 -22"><span class='ocrx_word' id='word_1_104' title='bbox 306 3335 392 3396; x_wconf 90' lang='lat' dir='ltr'>Haec</span> <span class='ocrx_word' id='word_1_105' title='bbox 420 3334 551 3412; x_wconf 86' lang='lat' dir='ltr'>eadem,</span> <span class='ocrx_word' id='word_1_106' title='bbox 580 3357 661 3418; x_wconf 86' lang='lat' dir='ltr'>quae</span> <span class='ocrx_word' id='word_1_107' title='bbox 683 3336 872 3418; x_wconf 77' lang='lat' dir='ltr'>scripsimus,</span> 
     </span>
     <span class='ocr_line' id='line_1_29' title="bbox 311 3435 770 3506; baseline 0.002 -2"><span class='ocrx_word' id='word_1_108' title='bbox 311 3443 472 3506; x_wconf 90' lang='lat' dir='ltr'>Mutemus</span> <span class='ocrx_word' id='word_1_109' title='bbox 494 3444 689 3505; x_wconf 88' lang='lat' dir='ltr'>melioribus.</span> <span class='ocrx_word' id='word_1_110' title='bbox 764 3435 770 3449; x_wconf 85' lang='grc'><strong>’</strong></span> 
     </span>
    </p>

    <p class='ocr_par' dir='ltr' id='par_1_10' title="bbox 213 3551 776 3952">
     <span class='ocr_line' id='line_1_30' title="bbox 213 3551 776 3635; baseline 0.004 -23"><span class='ocrx_word' id='word_1_111' title='bbox 213 3557 264 3616; x_wconf 85' lang='grc'>37.</span> <span class='ocrx_word' id='word_1_112' title='bbox 308 3551 359 3615; x_wconf 88' lang='lat' dir='ltr'>Sic</span> <span class='ocrx_word' id='word_1_113' title='bbox 382 3553 500 3635; x_wconf 89' lang='lat' dir='ltr'>quippe</span> <span class='ocrx_word' id='word_1_114' title='bbox 531 3552 728 3614; x_wconf 87' lang='lat' dir='ltr'>Babiloniam</span> <span class='ocrx_word' id='word_1_115' title='bbox 772 3572 776 3578; x_wconf 88' lang='lat'>·</span> 
     </span>
     <span class='ocr_line' id='line_1_31' title="bbox 288 3659 718 3739; baseline 0 -18"><span class='ocrx_word' id='word_1_116' title='bbox 288 3661 462 3739; x_wconf 53' lang='lat' dir='ltr'>*Cogemus</span> <span class='ocrx_word' id='word_1_117' title='bbox 487 3659 526 3721; x_wconf 89' lang='lat' dir='ltr'>ad</span> <span class='ocrx_word' id='word_1_118' title='bbox 551 3662 718 3739; x_wconf 83' lang='lat' dir='ltr'>angariam,</span> 
     </span>
     <span class='ocr_line' id='line_1_32' title="bbox 311 3764 727 3845; baseline 0.007 -20"><span class='ocrx_word' id='word_1_119' title='bbox 311 3764 393 3825; x_wconf 86' lang='lat' dir='ltr'>Cum</span> <span class='ocrx_word' id='word_1_120' title='bbox 416 3767 506 3828; x_wconf 83' lang='lat' dir='ltr'>tollet</span> <span class='ocrx_word' id='word_1_121' title='bbox 525 3769 610 3845; x_wconf 88' lang='lat' dir='ltr'>pacis</span> <span class='ocrx_word' id='word_1_122' title='bbox 637 3768 727 3842; x_wconf 81' lang='lat' dir='ltr'>visiO,</span> 
     </span>
     <span class='ocr_line' id='line_1_33' title="bbox 310 3869 718 3952; baseline 0.002 -19"><span class='ocrx_word' id='word_1_123' title='bbox 310 3869 398 3947; x_wconf 85' lang='lat' dir='ltr'>Quae</span> <span class='ocrx_word' id='word_1_124' title='bbox 420 3870 545 3952; x_wconf 84' lang='lat' dir='ltr'>peperit</span> <span class='ocrx_word' id='word_1_125' title='bbox 564 3872 718 3935; x_wconf 82' lang='lat' dir='ltr'>conlusio.</span> 
     </span>
    </p>
   </div>
   <div class='ocr_carea' id='block_1_3' title="bbox 84 4015 364 4028">
    <p class='ocr_par' dir='ltr' id='par_1_11' title="bbox 84 4015 364 4028">
     <span class='ocr_line' id='line_1_34' title="bbox 84 4015 364 4028; baseline -0.007 0"><span class='ocrx_word' id='word_1_126' title='bbox 84 4015 364 4028; x_wconf 50' lang='grc' dir='ltr'>Μ.-</span> 
     </span>
    </p>
   </div>
   <div class='ocr_carea' id='block_1_4' title="bbox 151 4092 384 4162">
    <p class='ocr_par' dir='ltr' id='par_1_12' title="bbox 151 4092 384 4162">
     <span class='ocr_line' id='line_1_35' title="bbox 151 4092 384 4162; baseline 0 -12"><span class='ocrx_word' id='word_1_127' title='bbox 151 4101 195 4162; x_wconf 85' lang='grc'>35,</span> <span class='ocrx_word' id='word_1_128' title='bbox 215 4103 228 4150; x_wconf 86' lang='grc'><strong>1</strong></span> <span class='ocrx_word' id='word_1_129' title='bbox 249 4099 307 4152; x_wconf 84' lang='lat' dir='ltr'>Jstn</span> <span class='ocrx_word' id='word_1_130' title='bbox 326 4092 384 4151; x_wconf 85' lang='lat' dir='ltr'>tion.</span> 
     </span>
    </p>
   </div>
   <div class='ocr_carea' id='block_1_5' title="bbox 0 0 1324 4650">
    <p class='ocr_par' dir='ltr' id='par_1_13' title="bbox 0 0 1324 4650">
     <span class='ocr_line' id='line_1_36' title="bbox 0 0 1324 4650; baseline 0 0"><span class='ocrx_word' id='word_1_131' title='bbox 0 0 1324 4650; x_wconf 95' lang='lat' dir='ltr'> </span> 
     </span>
    </p>
   </div>
  </div>
 </body>
</html>
