2640 4650
524 246 756 317 UNlBOS.

355 481 430 540 Post
452 488 636 540 nocturnam
660 479 820 560 caliginem

354 583 514 649 Adeuutes
535 586 716 651 uniboveur.

238 700 307 759 16¹.
352 695 424 756 Viri
461 697 594 759 clamant
623 710 686 759 tres
717 698 851 777 pariter:

354 805 425 867 ‘Exi
447 807 574 867 sceleste
597 803 760 882 iraudifer,

358 911 536 978 Occidende
558 911 726 973 crudeliter

352 1021 540 1083 Mactaberis
562 1021 747 1083 carnaliter?

184 1107 188 1113 ⁴
233 1137 303 1191 162.
347 1127 528 1210 Respondet
555 1110 740 1193 adversariis

354 1238 417 1315 Qui
439 1239 602 1322 quaeritur
623 1243 680 1301 sub
707 1238 845 1320 stipulis:

265 1396 270 1406 ,
355 1352 494 1412 ‘Praesto
526 1369 592 1410 sum
615 1361 719 1411 vester
741 1350 866 1424 unibus,

354 1458 422 1520 Vos
444 1477 531 1518 meos
553 1456 622 1522 dico
654 1455 809 1523 dominos.

233 1571 304 1629 163.
348 1565 383 1629 si
412 1568 507 1630 vultis
531 1550 705 1634 inierticafi

353 1675 456 1752 Quem
480 1677 629 1759 quaeritis
651 1675 827 1752 durissime,

351 1785 454 1847 Vobis
478 1786 633 1857 narrabo,
667 1781 829 1864 qtaomodo

350 1891 459 1954 Perire
481 1891 576 1953 velim
599 1891 713 1953 subito.

297 2027 319 2063 .’
350 1997 432 2062 Sunt
452 2001 562 2064 mortis
584 2002 680 2062 multa
701 2020 828 2081 genera,

253 2124 258 2169 ῖ
351 2109 458 2171 Unum
484 2111 578 2172 finem
600 2107 676 2171 dant
704 2109 827 2190 omnia3

351 2215 395 2279 Ut
416 2218 507 2280 vobis
531 2218 715 2280 satisfaciam

352 2325 486 2388 Modum
508 2329 618 2389 mortis
640 2349 716 2390 mox
748 2327 869 2408 eligam.

298 2479 306 2495 .
352 2433 440 2509 Quae
463 2456 549 2496 mors
569 2435 623 2495 fiat
645 2436 782 2496 amarior

281 2564 286 2579 t
351 2546 389 2606 ln
410 2540 532 2603 urundo
552 2539 620 2603 sive
650 2542 779 2621 tristior,

351 2651 524 2735 Nunquam
545 2649 712 2731 probastis,
735 2648 866 2726 domiui,

351 2759 418 2820 Nec
441 2758 591 2839 probetis,
616 2751 795 2818 dulcissimi.

298 2911 306 2928 .
349 2867 461 2928 Dicam
482 2878 588 2929 tamen
613 2864 750 2948 pacifice,

350 2971 421 3048 Qua
441 2974 563 3037 ratione
585 2972 719 3054 perdere

350 3082 405 3143 Ille
435 3083 559 3163 possitis
581 3081 613 3143 in
634 3083 693 3143 hac
715 3077 768 3141 die

351 3193 415 3253 Atat
446 3212 513 3253 cras
536 3191 643 3253 futuro
672 3202 826 3270 tempore.

229 3304 321 3370 167.
344 3299 452 3380 Ligate
475 3321 524 3362 mo
550 3297 588 3361 de
612 3301 754 3376 fiinibus,

350 3412 414 3470 Aut
435 3408 474 3471 de
498 3412 648 3473 contortis
670 3409 817 3485 restibus,

272 3555 279 3562 -
351 3518 388 3578 In
418 3520 570 3599 apotheca
592 3519 710 3592 mittite,

350 3622 387 3682 In
411 3644 474 3705 qua
496 3645 545 3685 me
567 3626 696 3686 missum
723 3616 866 3682 claudite.

230 3729 301 3788 168.
342 3729 371 3788 A
394 3728 491 3792 doctis
513 3732 716 3813 carpentariis

349 3835 526 3919 Stringatur
546 3853 645 3903 tonna
666 3840 804 3918 circulis3

347 3945 494 4008 Tonnam
518 3969 586 4009 oum
612 3931 682 4010 meo
709 3968 845 4028 corpore

348 4049 397 4111 Ad
421 4073 506 4114 mare
531 4074 676 4134 magnum
700 4054 826 4120 volvite.
