2640 4650
147 283 214 349 346
278 342 282 349 .
350 278 581 345 GAlslsUS
619 278 691 344 ΕΤ
739 278 985 347 VULPES.

303 522 334 577 5.
376 513 484 576 Unum
507 511 613 575 deesse
636 513 740 588 video,

374 618 467 694 Quod
492 635 595 683 ulrum
616 624 717 704 poesie
735 622 863 686 dubito:

378 727 460 804 Quia
482 730 624 792 sallendo
646 754 755 793 canere

371 841 429 901 Ille
447 842 567 903 solebat
590 854 726 901 strenue.

301 953 332 1010 6.
374 948 455 1008 Nam
478 949 521 1008 ila
542 969 609 1010 eece
640 950 733 1010 terlio

370 1055 459 1117 Sallu
482 1058 607 1119 rotabat
627 1059 759 1136 concilo,

370 1163 414 1225 Ut
435 1165 564 1226 turbine
593 1163 770 1228 wandalico

369 1272 513 1334 Turnum
535 1275 679 1337 misceret
699 1272 819 1350 jubilo!

321 1426 329 1442 .
372 1383 452 1442 Mox
473 1384 551 1442 haec
573 1383 673 1461 gallus
694 1381 879 1461 aggreditur,
932 1460 936 1466 .

369 1486 492 1550 Sullane
514 1511 692 1573 cuneusque
724 1494 871 1568 volvitur,

367 1598 406 1658 Et
428 1598 538 1661 uvidus
567 1601 720 1678 gloriolae

374 1708 490 1768 Verbis
514 1706 596 1769 cedit
626 1710 824 1789 vulpeculae.

318 1861 328 1876 .
370 1813 447 1874 ‘Cur
468 1816 553 1892 ergo'
580 1815 686 1896 inquit
716 1815 861 1894 ‘degener

364 1923 392 1983 A
414 1934 503 2002 patre
526 1943 596 1985 meo
627 1926 781 2000 aestimer,

371 2030 451 2091 Cum
476 2031 626 2111 genitoris
648 2035 817 2094 formulam

365 2140 462 2201 Geslu
486 2160 626 2223 voceque
647 2139 818 2204 resernmi’

316 2293 324 2310 .
368 2249 410 2309 At
431 2250 540 2328 vulpes
564 2270 581 2310 e
602 2252 778 2312 contrariu:

365 2357 601 2418 ‘Benedicamue
632 2357 771 2436 domino,

365 2461 446 2538 Quia
467 2477 557 2544 paler
578 2467 612 2524 in
638 2465 703 2525 filio

364 2573 464 2634 Vivus
488 2584 534 2633 eet
555 2570 692 2653 quodam
715 2570 821 2634 modo.

315 2727 324 2745 .
365 2680 433 2740 Jam
455 2700 520 2741 non
544 2690 611 2740 eret
633 2676 791 2754 credibile,

365 2787 410 2848 Ut
433 2799 513 2847 esset
544 2799 651 2849 nostro
675 2801 826 2867 tempore,

365 2894 429 2970 Qui
452 2895 538 2956 facus
561 2895 758 2957 mirabilibus

361 3002 413 3064 Sic
435 3002 524 3064 lieret
547 3005 745 3085 conspicuus.

313 3160 322 3177 .
366 3111 427 3174 Sed
447 3114 500 3175 ille
522 3111 632 3175 doetus
660 3111 823 3176 dexterum

361 3219 462 3301 Saepe
475 3219 648 3283 claudebat
670 3223 807 3301 oculum,

360 3328 440 3390 Cum
462 3329 615 3392 concitato
641 3349 775 3413 corpore

360 3436 492 3511 Saltaret
517 3439 551 3499 in
573 3438 745 3519 vertigine?

270 3551 320 3607 12.
364 3542 525 3605 ‘Similiter
558 3560 589 3607 et
606 3547 709 3609 facio?

361 3652 470 3713 Gallus
501 3649 572 3712 infit
601 3654 771 3716 continuo:

359 3762 450 3823 Tunc
478 3759 613 3822 flectitur
643 3762 676 3824 in
707 3763 859 3823 circinum

311 3853 314 3859 ‚
357 3869 397 3930 Et
420 3870 566 3932 dextrum
587 3871 701 3950 premit
722 3871 860 3933 oculum.

270 3984 319 4039 13.
361 3980 417 4040 Ast
442 3980 553 4060 vulpes
582 3990 651 4040 astu
684 3977 818 4041 subdolo

275 4108 281 4121 ·
357 4084 478 4166 Supina
507 4084 590 4146 cadit
617 4085 732 4158 subito,
