2640 4650
128 312 173 376 26
429 307 842 386 WAL'PHARIUS.

126 429 490 445 ...........-.-..-...-

231 537 272 599 Et
293 537 386 599 simul
404 534 437 597 in
459 533 549 600 dietis
569 538 689 602 hastam
711 537 891 599 transmisit.
935 552 967 600 at
988 540 1046 602 illa'

235 649 296 709 Per
317 649 442 710 laevum
464 649 546 708 latus
567 646 715 708 umbonis
736 646 895 723 transicit,
918 661 949 708 et
970 671 1040 710 ecce

126 761 188 818 675
232 757 382 833 Palmam,
405 777 467 838 qua
490 753 617 816 Camelo
639 774 822 816 mucronem
845 753 977 817 educere
1001 760 1112 838 coepit,
1175 745 1189 763 ⁹

220 865 371 929 >confixit
391 863 524 940 femori,
548 874 777 945 transpungens
798 875 883 943 terga
904 865 1027 927 cavalli.

232 975 300 1037 Nec
318 994 426 1050 mora3
448 970 523 1034 dum
545 974 662 1035 vulnus
684 974 782 1034 sensit
803 971 939 1052 sonipes,
962 973 1038 1035 furit
1061 987 1155 1056 atque

232 1082 402 1142 Excutiens
424 1077 553 1140 dorsum
574 1099 728 1141 sessorem
749 1093 888 1141 sternere
909 1091 1050 1161 temptat,

237 1189 277 1250 Et
299 1192 405 1251 forsan
430 1189 562 1265 laceret,
593 1189 628 1249 ni
647 1192 755 1251 lancea
777 1189 840 1250 lixa
861 1200 991 1251 teneret.

129 1310 191 1364 680
214 1276 345 1363 Interea
366 1323 508 1384 parmam
531 1301 659 1363 Camelo
682 1300 798 1363 dimisit
819 1312 850 1362 et
881 1302 1003 1362 hastam

237 1407 428 1491 Complexus
450 1411 539 1470 laeva
561 1408 671 1487 satagit
691 1405 838 1471 divellere
862 1405 983 1470 dextra.

236 1515 329 1591 Quod
352 1515 426 1577 dum
448 1516 640 1597 perspiciens
665 1517 762 1576 currit
791 1514 1014 1576 celeberrimus
1036 1517 1138 1594 heros,

236 1622 376 1704 Etpede
402 1643 580 1705 compresso
602 1624 809 1701 capulotenus
831 1622 947 1700 ingerit
967 1643 1083 1697 ensem,

239 1727 342 1805 Quem
365 1730 457 1792 simul
480 1727 616 1791 educens
637 1730 757 1789 hastam
781 1727 820 1789 de
842 1731 972 1793 vnlnere
996 1731 1100 1792 traxit.

238 1840 328 1903 Tunc
351 1852 452 1923 equus
474 1852 506 1901 et
530 1837 675 1900 domiuus
698 1840 778 1900 lrora
803 1837 941 1899 cecidere
962 1842 1021 1900 sub
1045 1859 1118 1902 una.

237 1951 278 2010 At
301 1946 375 2010 dum
406 1951 488 2011 forte
510 1927 609 2030 nepos
632 1958 840 2028 conspexerat
864 1947 924 2009 hoc
948 1944 1137 2029 Camalonis,

132 2115 134 2119 .
240 2057 339 2121 Filius
362 2059 479 2140 ipsius,
498 2059 594 2121 Kinto
616 2059 810 2137 cognomine,
832 2057 949 2135 fratris,

236 2164 1162 2251 QuemreferuntquidamScaramundumnominedictumt

238 2279 371 2358 Ingemit
394 2292 424 2340 et
444 2279 580 2339 lacrimis
603 2269 769 2358 compellat
791 2277 910 2340 tristior
932 2300 1041 2342 onmes

242 2387 336 2449 ‘Haec
359 2408 408 2448 me
430 2409 506 2467 prae
528 2388 647 2448 cunctis
668 2388 732 2448 heu
753 2388 881 2467 respicit
901 2387 982 2447 actio
1010 2408 1128 2449 rerunt.
1161 2409 1164 2412 ·
1268 2397 1275 2414 ‘

244 2496 339 2559 Nunc
360 2507 414 2557 aut
443 2496 702 2560 commoriar‘v'el
731 2517 837 2559 carum
859 2495 990 2554 ulciscar
1010 2494 1177 2592 amicum)-

239 2602 385 2686 Namque
409 2619 539 2685 angusta
562 2606 624 2670 loci
645 2608 746 2668 solum
770 2620 957 2665 concurrere
978 2602 1038 2662 soli

241 2701 418 2792 Cogebant‚
442 2736 499 2776 nec
528 2718 694 2798 quisquam
716 2712 770 2774 alii
790 2691 972 2771 succurrere
1001 2709 1113 2790 quivit.

149 2864 152 2868 ι
240 2819 376 2887 Advolat
395 2823 505 2887 infelix
529 2817 760 2885 Scaramuudus
780 2823 842 2895 jam
867 2817 1048 2894 moriturus,

241 2931 323 2995 Bina
347 2954 441 2996 manu
463 2935 527 2994 lato
551 2931 689 3010 crispans
710 2926 833 2989 hastilia
856 2928 953 2991 ferro.
989 2928 991 2931 ’

240 3038 304 3117 Qui
327 3041 401 3103 dum
424 3039 638 3104 Waltlrarium
672 3039 760 3101 nullo
785 3050 905 3100 terrore
927 3034 1049 3099 videret

154 3137 160 3143 ’
242 3153 425 3213 Permotum
447 3150 609 3235 fixumque
634 3151 706 3213 loco
728 3146 896 3211 consistere
919 3146 1054 3226 inipso,

240 3260 292 3322 Sic
314 3254 358 3320 ait
378 3260 562 3323 infrendens
583 3274 614 3323 et
640 3260 788 3340 equinam
809 3257 926 3316 vertice
949 3254 1080 3317 caudam

242 3363 431 3427 Concutiens
461 3366 504 3426 ‘in
535 3385 599 3448 quo
621 3357 714 3422 fidis?
750 3360 801 3419 vel
824 3357 899 3440 quid
925 3373 979 3422 tua
1000 3376 1071 3437 spes
1095 3353 1164 3420 est?

138 3479 199 3531 700
242 3469 316 3532 Non
338 3490 395 3550 ego
416 3476 476 3547 jum
498 3493 607 3552 gazam
630 3469 680 3530 vel
700 3487 806 3529 rerum
829 3467 968 3550 quidque
989 3478 1116 3527 tuarum

242 3581 387 3660 Appeto,
408 3578 463 3641 aad
491 3579 586 3643 vitam
612 3577 733 3654 cognati
755 3598 874 3658 quaero
897 3577 1073 3657 perempti!

244 3686 300 3748 Ille
323 3682 435 3748 dehinc
456 3687 492 3748 ‘si
524 3682 710 3760 convincar,
733 3683 818 3767 quod
840 3684 961 3765 proelia
979 3681 1100 3761 primus

212 3949 267 3998 689
285 3945 386 3998 cucurit
403 3947 434 3998 Α.
489 3948 542 3997 688
567 3958 722 4014 comprenso
741 3944 773 3993 Β.
826 3942 880 3990 686
898 3944 926 3992 et
951 3938 983 3992 B.
1020 3940 1073 3991 689
1092 3952 1164 3991 com-

141 4037 213 4106 pellit
232 4038 263 4088 B.
315 4041 370 4091 690
388 4035 429 4092 hio
448 4037 479 4092 C.
533 4040 586 4089 69³
605 4037 651 4088 olli
678 4035 708 4088 C.
758 4030 998 4097 coequans.
1044 4034 1099 4084 too
1116 4045 1165 4083 nec

139 4144 223 4183 rerum
242 4129 274 4182 B.
