2640 4650
173 266 222 345 61)Ι
496 258 872 329 wanrttstttuu

302 495 445 575 Impetit,
475 507 504 556 et
530 508 617 558 scuto
643 494 752 556 dextra
775 495 813 556 de
835 505 923 575 parte
944 496 1071 557 revtalso

304 604 402 665 Ictum
425 603 641 684 praevalidum
665 626 700 666 ac
724 604 901 665 mirandum
924 603 1012 678 fecit,
1040 605 1134 687 eique

303 711 384 775 Crus
397 733 466 775 cum
477 712 595 793 poblite
609 711 648 773 ad
660 731 760 794 usque
772 713 875 772 fensur
889 709 1086 792 decerpserat
1098 734 1204 776 unane.

177 831 259 885 1365
303 822 359 883 Ille
377 841 474 903 super
491 841 632 902 parmam
650 834 721 882 ante
739 820 833 901 pedes
850 841 925 882 snox
939 819 1077 884 concidit
1097 827 1203 901 hujus.

303 912 418 992 l’allnit
442 930 608 1007 exsanguis
631 927 758 991 domino
784 926 941 991 recidente
961 932 1093 992 satelles.

304 1036 491 1119 Alpharides
513 1049 630 1117 spatam
656 1039 767 1099 tollens
791 1036 904 1101 iterato
927 1052 1086 1101 currentem

305 1143 444 1206 Ardebat
466 1147 555 1224 lapso
581 1155 775 1224 postremum
796 1142 938 1224 infligere
960 1147 1087 1209 vulnus.

303 1255 470 1315 Immemor
491 1266 522 1314 at
544 1253 666 1334 proprii
686 1253 818 1332 Hagano
840 1254 888 1317 vir
914 1254 996 1317 forte
1017 1253 1138 1316 doloris
1187 1319 1192 1326 ,

179 1366 262 1423 1370
304 1361 426 1421 Elatum
451 1372 543 1440 eaput
564 1360 718 1420 inclinans
740 1361 854 1436 objecit
879 1358 920 1423 ad
943 1360 1050 1424 ictum.

302 1466 472 1528 Extensam
498 1467 643 1530 cohibere
666 1487 793 1527 manum
819 1486 882 1528 non
906 1469 1049 1550 quiverat
1069 1468 1191 1544 heros;‹

198 1582 200 1587 ’
306 1574 369 1638 Sed
391 1576 483 1638 cassis
506 1576 677 1636 fabrefacta
700 1573 753 1636 diu
775 1575 948 1659 meliusque
970 1588 1096 1658 peracta

304 1685 430 1766 Excipit
452 1685 619 1759 assultum,
651 1703 725 1745 mox
747 1696 776 1746 et
799 1683 942 1748 scintillat
961 1688 994 1747 in
1018 1688 1130 1762 altum,

309 1794 406 1873 Cujus
429 1793 544 1857 duritia
565 1793 757 1875 stupefactus
779 1791 889 1857 dissilit
911 1795 996 1859 ensis

178 1908 261 1967 1375
305 1903 390 1966 Proh
402 1899 507 1967 dolor!
529 1913 560 1964 et
571 1903 725 1983 crepitans
735 1903 848 1983 partim
859 1904 951 1965 micat
960 1910 1031 1965 s'e're
1043 1915 1073 1966 et
1085 1903 1202 1966 herbis.

260 1990 408 2096 Belliger
430 2029 465 2079 ut
487 2018 622 2081 frameae
644 2028 802 2078 murcatae
824 2015 977 2096 fragmina
1000 2014 1095 2092 vidit,

307 2128 437 2209 ludigue
459 2131 548 2209 tulit,
575 2154 610 2194 ac
632 2129 728 2194 nimia
751 2128 827 2192 furit
849 2128 964 2192 efferus
986 2128 1050 2205 ira,
1119 2184 1130 2212 ,

306 2240 537 2323 Impatiensque
561 2241 626 2318 sui,
656 2240 801 2322 capulum
824 2237 891 2301 sine
912 2237 1051 2320 pondere
1074 2237 1159 2317 ferri,

305 2345 483 2422 Quamlibet
506 2349 622 2413 exiruis
643 2361 817 2431 praestaret
838 2363 868 2410 et
888 2362 953 2411 arte
970 2348 1100 2416 'metallo

181 2462 263 2516 1380
308 2458 455 2539 Protinus
476 2459 604 2536 abjecit,
632 2458 889 2542 monimentaque
909 2457 1011 2521 tristia
1033 2456 1169 2541 sprevits

308 2563 371 2640 Qui
393 2565 466 2628 dum
490 2567 572 2628 forte
593 2586 721 2627 manum
742 2569 803 2643 jam
826 2567 997 2631 enormiter
1017 2568 1201 2644 exeruisset,
1268 2549 1272 2553 ⁶

305 2675 443 2738 Abstulit
461 2676 542 2737 hanc
558 2675 689 2756 Hsgauo
711 2687 757 2736 sat
776 2677 876 2738 laetus
895 2678 1026 2742 vulnere
1043 2690 1201 2762 prompto.

305 2785 341 2846 lu
364 2782 467 2848 medio
490 2790 589 2863 jactus
613 2783 771 2848 recidebat
793 2784 921 2848 dextera
945 2786 1050 2865 fortis,

306 2891 459 2955 Gentibus
481 2913 517 2957 ac
539 2893 664 2978 populis
686 2895 790 2956 multis
813 2906 957 2977 suspects
979 2894 1140 2978 tyrannis,

136 2997 138 3010 '
181 3008 262 3066 1365
307 3003 593 3067 Innumerabilibns
615 3024 696 3088 quae
720 3004 850 3067 fulserat
873 3016 945 3067 ante
968 3004 1139 3086 trophaeis.

309 3111 371 3174 Sed
393 3113 443 3188 vir
463 3117 667 3198 praecipuus,
696 3133 753 3176 nec
776 3115 884 3174 laevus
907 3111 1016 3173 cedere
1039 3132 1171 3193 gnarus,

310 3217 394 3282 Sans
414 3236 519 3287 urente
541 3238 659 3305 potens·
673 3222 775 3286 carnis
796 3241 945 3303 superare
965 3207 1092 3285 dolores

173 3358 466 3372 nnn-m

235 3443 306 3493 1666
322 3443 430 3494 reuutstt
439 3442 471 3496 D.
489 3441 597 3512 depulso
607 3442 640 3500 D.
678 3446 747 3496 1666
760 3440 921 3510 pernulldnm
934 3442 965 3496 A.
983 3423 1155 3509 admirandum
1167 3432 1199 3485 D·

180 3535 251 3587 1664
265 3533 355 3600 pellite
364 3534 395 3587 D.
434 3536 504 3586 1666
519 3532 600 3601 pedes
613 3532 683 3587 cadit
697 3538 724 3586 et
738 3534 815 3586 miser
827 3531 903 3599 hujus
916 3533 948 3588 D.
988 3531 1199 3596 susspensus

178 3625 287 3690 infigere
305 3623 337 3675 1).
395 3627 464 3682 1669
483 3640 514 3678 sc
538 3623 640 3693 hagano
663 3626 762 3695 proprii
786 3627 816 3678 tit
837 3625 904 3678 forte
923 3623 1021 3693 doloris
1037 3620 1070 3675 D.
1128 3619 1202 3669 1310

178 3717 272 3770 iratum
293 3715 324 3768 A.
355 3721 455 3768 eratum
473 3717 506 3772 D.
568 3720 636 3770 1611
662 3719 816 3785 nequiuerat
839 3720 870 3774 A.
934 3696 1140 3779 satiantur·
1167 3710 1199 3766 B.

178 3810 307 3876 melleque
322 3808 353 3860 D.
393 3810 462 3861 1614
479 3809 622 3881 exctntlllst
635 3809 667 3864 D.
708 3814 775 3862 1615
788 3810 843 3863 Pro
860 3806 892 3863 B.
902 3808 933 3879 D.
956 3798 1157 3875 amrlnlserbis
1169 3801 1201 3858 D.

180 3904 251 3954 1616
270 3904 385 3953 mucrste
403 3899 436 3955 D.
473 3904 543 3954 1619
561 3902 676 3968 qualibet
695 3918 729 3956 ex
747 3902 826 3955 nimto
844 3903 973 3969 prestaret
985 3900 1042 3950 arte
1060 3895 1092 3952 D.
1132 3900 1200 3949 1681

180 4006 284 4044 manum
308 3992 386 4046 miser
410 3992 555 4045 exeruisset
578 3991 702 4048 inermem
730 3996 761 4050 D.
838 3996 910 4047 1661
932 3995 975 4050 sat
999 3989 1069 4043 tetus
1094 3990 1203 4060 vulnere

179 4089 296 4150 promtus
314 4085 347 4141 D.
393 4088 463 4140 1686
483 4085 511 4139 ln
531 4083 667 4153 medioque
687 4086 740 4139 ictu
760 4088 792 4144 D.
839 4087 910 4139 1666
927 4080 992 4137 leuis
1010 4083 1042 4140 A.
1068 4082 1151 4138 taenia
1168 4080 1200 4134 B.
