2640 4650
539 265 801 331 nonusis.
1108 269 1175 336 sot

149 471 153 478 ⁸
259 493 392 577 Siquid
414 507 444 556 et
466 491 593 568 utilius,
616 511 721 554 carum
744 490 823 550 ferat
846 489 902 550 iste
925 490 1071 551 senatus.’

261 600 459 679 collaudant,
477 615 676 676 venerantur,
695 610 798 661 amant
812 609 842 658 et
854 594 946 658 laude
963 598 1173 680 frequentant.

599 712 719 791 vulpes.

255 814 369 877 ‘Esurit
393 829 545 895 aegrotus,
567 819 717 897 languore
740 815 886 897 fameque
908 826 1066 894 gravatur,

151 911 230 984 540'
255 922 439 1003 Languidus
461 927 493 986 in
518 927 656 989 cubitum
680 925 741 1006 jam
763 945 796 985 se
825 923 957 987 conviva
978 937 1129 1004 reponat‚'

254 1034 408 1096 Vescatur
438 1032 593 1110 dominus,
627 1032 811 1095 monachilis
834 1053 914 1116 quae
935 1033 1021 1094 velrit
1045 1053 1128 1109 usus,

252 1144 358 1217 Pane,
382 1142 479 1216 labis,
504 1141 598 1202 variis
614 1142 726 1200 ¹herbis
748 1141 859 1200 tellure
883 1141 1002 1216 creatis,

253 1250 378 1323 Pomis‚
399 1250 493 1324 lacte,
517 1268 615 1321 mero,
639 1248 745 1322 caseis,
769 1248 843 1320 sale,
864 1249 957 1308 melle
980 1258 1010 1308 et
1033 1247 1127 1320 olivo,

253 1354 394 1414 Piscibus
417 1365 446 1414 et
469 1354 559 1435 panis
582 1355 681 1430 tortis,
705 1353 876 1436 calidisque
897 1354 1057 1434 placentis,

148 1462 210 1523 545
253 1460 426 1539 Pinguibus
444 1475 473 1524 et
494 1461 571 1536 ficis,
596 1462 729 1537 bolletis,
751 1483 808 1523 nec
832 1462 900 1524 sine
924 1460 1055 1542 mergis3

254 1567 363 1645 Regali
385 1565 470 1630 disco
490 1572 638 1647 jungatur
659 1569 758 1631 sturio
781 1580 859 1646 ceto,

228 1661 239 1678 ⁶
256 1671 350 1748 Quod
360 1675 480 1738 vomuit
488 1676 599 1737 Jonam
619 1678 761 1757 refugam
770 1689 987 1761 moestumque
1003 1677 1168 1760 profetam.
1243 1657 1244 1660 Ἴ

209 1786 216 1791 ’
253 1781 357 1844 Dulce
379 1785 532 1864 saporatis
554 1797 703 1872 oneretur
721 1786 823 1849 discus
845 1787 963 1848 herilis.

250 1892 426 1973 Praecipiat
446 1893 612 1970 dominos,
644 1907 677 1955 ut
699 1896 812 1961 serviat
833 1895 884 1956 hic
905 1892 1084 1976 leopardus,

147 2002 210 2058 550
254 1995 405 2074 Suggerat
428 1999 585 2076 impensas
608 2011 707 2078 ponto
730 2013 759 2062 et
783 2001 893 2061 tellure
916 2013 1043 2075 creatas,

252 2105 315 2167 Vel
334 2124 415 2186 quac
443 2103 573 2180 iudaicis
601 2107 742 2184 fragrant
766 2110 846 2169 bene
868 2105 986 2169 credita
1007 2108 1126 2187 capsis’

210 2208 212 2214 ’
566 2211 616 2274 leo
647 2213 746 2292 vulpi.

253 2319 314 2380 ‘Tu
336 2317 466 2399 dispone
488 2316 615 2383 domuin
627 2368 636 2400 ,
659 2341 698 2382 ne
720 2324 790 2403 quis
810 2321 952 2386 sollicitet
977 2341 1113 2401 aegrum,

252 2426 319 2491 Nec
344 2427 509 2510 quisquam
533 2441 643 2491 noceat
666 2429 780 2510 cupido
803 2431 880 2491 mihi
901 2431 1003 2512 pacis,
1035 2444 1065 2493 et
1086 2433 1167 2493 ultra

248 2537 300 2597 De
320 2555 411 2616 grege
433 2551 604 2600 conventus
626 2559 689 2601 non
714 2541 768 2614 sit,
798 2540 853 2621 qui
875 2527 1011 2602 calcitret
1033 2541 1124 2617 ullus,

146 2647 209 2706 555
253 2640 317 2718 Qui
338 2655 368 2704 te
394 2643 580 2719 commovit,
611 2644 722 2704 melius
744 2663 809 2703 non
832 2657 958 2724 tangere
982 2646 1081 2718 scibit,

250 2753 394 2815 Verbere
417 2762 561 2812 contorto
584 2763 651 2811 toto
677 2752 877 2832 torquebitur
898 2762 999 2812 antro.

167 2928 175 2955 x
249 2854 341 2916 Colla
363 2858 571 2935 superborum
594 2853 712 2917 discent
735 2877 814 2938 quae
836 2877 940 2937 poena
961 2875 1098 2917 reorum.

249 2960 375 3024 Currite
397 2961 613 3044 tranquillum,
634 2963 736 3043 euripis
758 2966 930 3042 cognoscite
952 2972 1081 3042 jussum,

250 3068 314 3146 Qui
330 3083 499 3132 veneratur
516 3091 598 3146 eum,
619 3085 787 3135 veneretur
804 3069 843 3131 ad
861 3091 953 3133 omne
971 3072 1167 3133 ministrum!

145 3195 208 3251 560
220 3155 403 3246 Gestamen
427 3186 542 3266 sceptri
565 3185 653 3265 vulpi
686 3196 879 3245 concesserat
902 3185 957 3245 illi.

248 3300 322 3362 Plus
345 3301 438 3365 solito
461 3306 563 3377 major
583 3300 737 3380 percurrit
762 3312 890 3379 pectora
909 3312 1022 3376 terror,

247 3405 317 3469 Nec⁴
338 3428 402 3471 vox
424 3410 489 3470 ulla
509 3410 608 3484 valet,
639 3429 774 3488 pompae
796 3411 841 3472 vis
864 3410 950 3471 nulla
970 3407 1098 3470 relucet.

248 3515 340 3577 Tu'nc
354 3519 535 3580 tremefacta
545 3518 658 3580 cohors
672 3520 807 3597 complet
819 3515 904 3600 quod
917 3521 1049 3593 jusserat
1060 3518 1165 3596 herus,

250 3624 425 3704 Assurgunt
447 3628 566 3703 cuncti,
591 3627 778 3688 submittunt
801 3628 879 3689 colla
899 3624 1031 3702 jubenti.

145 3729 206 3788 565
250 3728 358 3792 Innuit
384 3733 437 3793 ille
459 3732 571 3795 domus
594 3753 714 3810 comes,
736 3747 771 3793 ut
791 3745 940 3814 properet
963 3729 1130 3812 leopardus

252 3836 451 3918 Accelerare,
471 3843 639 3922 palatinam
661 3839 746 3921 quod
769 3840 916 3904 condecet
939 3841 1051 3910 aulana,

148 3985 419 4006 --——-

219 4058 269 4109 541
291 4059 389 4114 veitll.
444 4067 495 4116 544
515 4065 593 4119 tardis
612 4068 643 4120 Α.
705 4068 759 4118 562
778 4038 930 4134 popeidssl.
976 4065 1028 4116 565
1050 4060 1166 4115 lterosA.
