2640 4650
532 281 756 349 UNlBOS.

266 526 318 579 w.
358 517 446 576 Mari
469 514 544 575 «lum
568 529 703 577 tremens
724 517 875 586 aestimat.

360 623 565 688 oensionem
586 625 720 699 simulat,

358 735 494 794 Mortem
517 735 648 813 pingens
669 734 702 795 iu
726 738 856 816 conjuga

287 886 297 899 ,
359 843 471 903 Tincta
492 841 584 903 suillo
605 841 767 920 sanguiue.

309 995 317 1013 .
360 952 453 1014 Uxor
475 949 576 1012 dolosi
597 954 656 1012 sub
682 948 756 1012 dolo

357 1058 460 1122 Strata
480 1060 557 1141 jacet
578 1062 714 1140 tugurio,

358 1168 456 1244 Quasi
478 1169 516 1229 sit
539 1190 614 1232 vere
636 1180 768 1244 mortua,

360 1280 470 1345 Occisa
490 1281 597 1363 sponsi
619 1279 759 1343 dextera.

283 1438 314 1453 ..
357 1389 500 1451 Cadaver
523 1389 649 1452 foedum
672 1387 821 1468 sattguiue

361 1499 484 1579 Corpus
509 1510 638 1578 apparet
663 1496 805 1564 [emittas.

363 1607 514 1670 Crudeles
537 1625 753 1669 mansuescere

360 1718 519 1798 Incipiunt
540 1737 598 1798 pro
620 1715 759 1780 erimine.

313 1874 320 1889 .
363 1825 425 1903 Qui
447 1837 600 1891 vaueraut
623 1822 774 1903 occidua,

361 1935 490 1994 Certant
511 1954 688 2012 percussam
711 1934 866 2013 plangere,

361 2037 563 2115 increpantes
587 2034 767 2110 unibovem,

363 2141 486 2205 Flendo
511 2155 672 2202 mactatam
695 2144 868 2220 conjugem.

313 2295 321 2313 .
363 2250 464 2313 Simul
486 2250 593 2312 dicuut
617 2249 779 2310 ferociter:

364 2361 481 2436 ‘Heus,
506 2361 661 2421 insensate
683 2370 852 2438 compater,

364 2468 435 2544 Qua
456 2491 549 2530 caiisa
571 2482 604 2531 tu
626 2467 793 2530 durissima

363 2579 551 2659 Perpetrasti
572 2571 732 2638 facinora?

313 2729 321 2747 .
363 2682 567 2746 Confusionis
593 2695 668 2742 trux
691 2682 780 2742 labar

362 2793 431 2854 Nos
454 2791 606 2852 seduxisti
626 2789 781 2872 nequiter,

270 2898 274 2915 “
363 2899 406 2960 Ut
428 2911 597 2960 mercatum
616 2899 821 2978 probavimus

363 3008 501 3067 Mortem
522 3020 605 3067 tuam
628 3007 839 3069 tractavimus.

312 3160 321 3178 .
362 3117 512 3194 Magnum
536 3116 702 3193 damnum,
724 3114 910 3191 stultissime,

364 3224 535 3307 Adquisisti
557 3224 596 3286 de
618 3230 767 3305 conjuge:

365 3331 438 3393 Nou
463 3344 508 3393 est
532 3334 623 3412 culpa
648 3330 812 3394 mediocris

361 3437 468 3499 Vitam
491 3439 613 3516 {ugasse
635 3434 792 3515 conjugis?

268 3559 318 3611 77.
360 3547 466 3629 lnquit
489 3565 616 3607 securus
640 3546 763 3622 unibus,
785 3583 793 3597 =

363 3653 463 3731 Magis
485 3650 636 3714 seducens
659 3664 720 3713 tres
746 3652 848 3714 viros:

363 3760 518 3820 ‘Mirabile
541 3758 691 3839 flagitium

336 3951 339 3955 ἵ
365 3853 546 3949 Perpetraui
569 3889 627 3950 per
648 3863 795 3945 gladium.

272 3984 322 4038 78.
366 3977 400 4038 Si
422 3998 541 4039 mecum
567 3995 672 4058 pacem
697 3971 805 4045 facitis,

368 4085 402 4146 si
424 4085 526 4147 cordis
547 4087 625 4146 iram
648 4077 802 4158 rumpitis,
