2640 4650
180 264 247 337 ηε
558 249 817 320 noneste.

286 490 434 553 'festibus
455 486 496 548 ab
516 484 609 546 tantis
630 481 773 543 firmator
796 479 899 540 cautio
921 478 1039 560 vulpis.

599 594 694 672 lupus
714 591 811 651 lutro.

184 711 267 770 1010
288 705 386 767 ‘Haec
407 715 455 767 est
473 702 535 765 ista
555 719 667 781 specus
687 696 760 760 data
780 710 857 760 tunc
881 698 942 758 sub
958 696 1087 776 regilius
1103 697 1182 777 illis3

287 815 355 876 Pro
374 814 458 875 lacto
478 810 614 884 scelere,
635 806 722 891 quod
743 809 854 888 vulpes
874 808 970 886 gessit
988 806 1098 889 inique

287 920 450 987 Adversus
471 939 644 1002 proavum,
666 918 782 978 tultum
802 917 906 978 luerat
926 914 989 977 sibi
1009 918 1165 979 castrum!

651 1027 745 1087 luter.
812 1101 817 1109 ι

287 1137 456 1202 ‘Successit
476 1136 618 1211 soboles,
639 1134 786 1196 successit
807 1144 909 1195 tortus
930 1147 961 1197 et
983 1135 1093 1198 heres:

286 1251 492 1333 Delinqunnt
512 1257 636 1328 patres,
654 1245 783 1308 solvunt
803 1242 916 1305 delicta
938 1263 1096 1327 sequaces.

184 1363 267 1423 1015
290 1358 401 1423 Cetera
422 1375 633 1440 prosequere,
662 1373 744 1435 quae
764 1353 827 1415 sint
847 1353 982 1433 insignia
1011 1355 1149 1416 coenae?

558 1446 564 1455 ’
639 1463 745 1543 lupus.
1126 1450 1134 1464 ⁸

288 1573 473 1640 ‘'l'ollontur
492 1577 615 1647 lancee,
636 1572 829 1653 longinquus
849 1573 987 1636 vescitur
1004 1574 1139 1655 hospes?

571 1678 689 1761 pardus
711 1681 811 1760 vulpi.

290 1789 487 1854 ‘Praesideas
507 1811 548 1852 ne
567 1802 668 1870 turpe·
682 1789 782 1866 toral,
810 1809 869 1851 nec
890 1787 1019 1852 sordida
1037 1813 1160 1875 mappa,

287 1895 443 1960 Sordidus
465 1910 519 1960 aut
542 1896 667 1977 dapifer
687 1914 780 1958 nares
801 1909 951 1976 corruget
972 1896 1130 1976 edentum,
1237 1966 1240 1971 ,

287 2005 406 2086 Magna
426 2018 534 2070 movet
554 1986 717 2068 stomacho
739 2003 878 2082 fastidis,
899 2026 956 2068 seu
977 2027 1058 2089 puer
1078 2009 1179 2073 unctis

185 2120 268 2179 1020
288 2114 448 2180 Tractavit
466 2114 589 2178 calicem
614 2116 778 2193 manibus,
802 2112 879 2177 dum
898 2116 984 2178 furta
1003 2118 1137 2198 ligurrit,

289 2223 363 2306 Sive
382 2227 486 2306 gravis
505 2225 606 2286 veteri
626 2234 767 2287 craterae
787 2223 881 2288 limus
902 2226 1051 2293 adhaesit.

286 2334 407 2396 Pocula
430 2335 610 2396 miscentem
633 2333 787 2396 nutritum
807 2353 892 2414 pone
914 2335 1068 2415 clientem,

289 2440 384 2503 Casta
400 2443 552 2506 serenatis
569 2442 697 2522 impone
719 2441 836 2502 cibaria
857 2442 982 2518 mensis,

291 2550 456 2613 Ponantur
475 2552 596 2632 nuclei,
619 2552 789 2614 corilorum
809 2552 927 2613 robore
949 2554 1029 2630 nati,

184 2663 268 2724 1025
288 2659 413 2724 Persica
435 2682 506 2723 eum
528 2661 659 2737 cerasis,
680 2660 847 2744 quectonia
867 2660 1028 2743 mixtaque
1051 2664 1157 2752 fragis,

285 2769 386 2831 Poma
403 2769 601 2852 geroldinga,
623 2790 704 2854 quae
726 2768 837 2832 detulit
858 2770 937 2832 haee
958 2769 1137 2852 philomela,

288 2879 473 2962 Praeeoqua
493 2891 645 2961 purgetur
671 2880 762 2942 claris
786 2879 980 2944 insontibus
1001 2903 1081 2962 uvs3

286 2985 332 3050 Ut
353 2986 443 3051 dabis
463 2990 563 3066 elixa,
584 2989 747 3053 confestim
768 2987 883 3052 dentur
905 3003 937 3052 et
958 3011 1036 3070 assa,

281 3094 422 3158 Accubet
441 3108 471 3158 et
486 3096 641 3179 reliquum
656 3114 783 3159 servum
798 3117 894 3179 pecus
907 3095 945 3158 ad
958 3099 1204 3169 comedendum’

633 3205 755 3285 vulpes.

185 3316 268 3372 1030
291 3313 444 3377 ‘Insistam
465 3314 599 3391 cunctis,
622 3334 703 3396 quae
725 3327 880 3379 monstrat
901 3337 1004 3379 sermo
1021 3321 1177 3397 jubentis!

288 3415 421 3483 Sublato
442 3421 526 3486 diseo
549 3441 679 3502 surgens
701 3423 770 3484 fera
792 3425 911 3487 sistitur
933 3438 1037 3491 antro.

616 3531 764 3612 psitacus.

289 3635 476 3719 ‘Praecipiat
497 3636 661 3718 dominus,
682 3639 785 3704 licitos
805 3652 927 3723 repetat
945 3642 1012 3704 fera
1034 3648 1164 3710 cursus.’

657 3748 720 3809 leo.

289 3848 438 3932 ‘Accipite
460 3874 533 3934 ergo
556 3875 683 3934 omnes,
706 3876 860 3938 auresque
881 3856 1031 3920 advertite
1054 3861 1168 3940 cordis,

178 3979 459 3998 Μ

255 4049 323 4100 1014
343 4057 446 4120 peteres
465 4052 497 4106 Α.
554 4054 625 4128 1010
646 4053 794 4122 longinquis
813 4054 843 4107 Α.
901 4058 970 4107 1026
989 4073 1054 4123 gero
1072 4060 1150 4127 013111
1169 4055 1197 4107 Β.
