2640 4650
355 298 664 369 RUODLIEB
708 301 823 394 fragm.
844 300 869 368 l.
1062 302 1121 369 131

660 481 671 515 Ι

105 545 144 599 60
188 538 260 611 Νοη
285 538 391 599 minor
414 539 532 598 interca
556 547 663 596 naliun
686 535 800 614 premit
821 536 930 618 utique
951 558 1035 616 cura,

188 649 288 729 Inque
312 647 361 707 via
384 667 488 708 secum
511 642 678 729 perpendit
699 644 834 723 plurima
855 667 973 710 rerum.

187 754 354 815 Deservire
376 751 460 830 domi
483 749 569 832 quod
589 752 634 812 nil
654 752 735 814 valer
759 752 963 814 emolumenti

110 872 114 879 '
187 863 227 923 Et
250 875 378 942 propser
398 859 496 922 laidas
516 859 575 921 sibi
601 863 712 922 multas
735 859 874 942 undique
897 874 1001 923 nactas

183 972 209 1032 A
228 971 329 1051 patria
351 968 435 1033 dailei
458 942 542 1052 quod
567 968 675 1031 debuit
697 969 829 1030 exiliari.

101 1086 139 1140 65
184 1078 304 1142 Secum.
317 1079 481 1154 volvebat,
512 1099 545 1140 se
568 1077 668 1141 sicubi
693 1080 753 1141 vile
777 1078 911 1153 clientel,

185 1188 220 1251 Si
247 1191 374 1250 soricina
395 1198 487 1250 vetars
507 1189 711 1250 infestaretur
733 1188 762 1247 ei
782 1190 864 1267 plus,

184 1298 260 1358 Esse
282 1297 463 1359 novercales
486 1315 595 1357 ornnes
619 1295 696 1356 inibi
720 1295 780 1355 sibi
802 1297 923 1371 fraires,

185 1403 257 1464 Non
283 1407 462 1466 meliorasse
483 1423 553 1480 res,
576 1402 629 1464 sed
652 1408 740 1482 pejus
761 1405 927 1482 reperisse.

185 1499 296 1574 mame
320 1515 479 1594 suspirans
497 1525 586 1592 rogat
609 1512 725 1573 obnixe
752 1510 923 1588 dominum,
947 1512 1035 1590 flens,

102 1627 142 1681 70
186 1619 231 1682 Ut
252 1640 316 1682 non
336 1620 523 1685 deseruisset
544 1643 593 1699 se,
617 1622 734 1684 nolitve
756 1622 870 1702 perire,
1120 1636 1224 1691 solas,

184 1725 247 1790 Sed
269 1728 329 1790 sibi
350 1744 529 1809 succurrat,
552 1751 707 1794 aerumnas
730 1750 795 1813 quo
818 1741 992 1812 superaret.
1070 1792 1079 1804 ,

182 1921 329 2010 Intranti
349 1968 479 2031 regnum
503 1947 648 2009 moercnli
671 1947 713 2007 sic
739 1946 875 2007 alienum

182 2061 325 2134 Venator
344 2059 425 2134 regis
445 2060 548 2118 subito
569 2071 647 2120 surm
671 2057 705 2118 fil
727 2077 831 2118 eomes
853 2062 928 2136 ejus,

182 2167 277 2248 Isque
299 2168 412 2228 salutat
434 2184 506 2225 eum
525 2167 776 2249 resalutaturque
798 2187 856 2246 per
874 2166 988 2247 ipsum.

101 2283 141 2337 75
185 2275 268 2336 Exul
292 2286 359 2336 erat
380 2272 472 2335 fortis
492 2274 640 2336 membris
663 2273 805 2369 isaiaque
825 2275 924 2339 virilis

189 2385 339 2467 Voceque
361 2381 607 2467 grandiloquus,
621 2381 661 2446 'in
675 2403 834 2468 responso
855 2386 1003 2450 seriosns.
1023 2461 1024 2466 γ

181 2491 284 2567 Quem
299 2504 387 2573 rogat
408 2491 553 2572 indigena
572 2493 691 2576 quises
707 2491 790 2555 unde
808 2494 868 2572 sits
881 2495 927 2557 ire
938 2495 1012 2558 velis
1030 2493 1116 2578 quo?
1196 2518 1197 2523 ¹

178 2599 250 2678 Quo
272 2600 332 2663 sibi
354 2621 419 2663 non
445 2599 546 2677 dicto,
574 2597 841 2683 dedignanterque
864 2602 964 2678 sileio,

176 2711 346 2794 inquisisse
361 2709 455 2794 piget,
476 2710 563 2772 velut
585 2719 631 2771 est
653 2729 714 2786 res,
738 2721 905 2792 menteque
925 2723 1052 2773 tractat:
1072 2744 1114 2758 -

92 2825 133 2878 80
176 2818 231 2881 Est
253 2819 280 2880 si
300 2819 435 2898 legatus,
458 2818 562 2880 minor
583 2829 630 2880 est
654 2823 719 2896 ejus
740 2817 914 2896 comitatus,

177 2927 264 2986 Dum
276 2925 363 2989 venit
374 2925 412 2988 ad
425 2938 541 2988 cursem
552 2943 561 2999 3
576 2925 646 3009 quis
658 2946 799 3005 munera,
818 2928 889 3009 quis
899 2927 978 3008 gerit
986 2926 1113 2994 ensem?

176 3035 328 3115 Pauperis
347 3045 392 3096 est
413 3052 616 3113 possessor,
639 3045 693 3096 aut
716 3036 838 3097 virtutis
860 3037 984 3116 opimae.
1005 3073 1048 3086 -

179 3141 264 3202 Dum
286 3142 359 3204 salis
382 3140 529 3220 obticuit,
554 3140 680 3204 demum
700 3141 760 3204 sibi
781 3141 885 3205 denuo
908 3142 1009 3208 dixit:

177 3250 260 3315 ‘Non
283 3250 447 3328 irascaris,
471 3248 628 3314 damasi
650 3254 720 3332 plus
742 3251 899 3332 cogiteris,-
982 3305 988 3314 .
1048 3249 1051 3252 ’

90 3365 130 3421 85
174 3360 256 3423 Nam
278 3361 335 3424 tibi
354 3360 503 3443 prodesse
533 3360 625 3438 volo,
650 3360 676 3422 si
699 3379 842 3443 possum,
870 3383 928 3425 nec
950 3367 1069 3431 obesse.

173 3470 316 3534 Venator
336 3472 417 3553 regis
439 3471 499 3534 sibi
520 3491 610 3535 carus
635 3490 767 3554 sumque
788 3469 897 3550 fidelis,

171 3579 238 3642 Nec
258 3583 338 3643 solet
357 3577 466 3643 audire
488 3599 676 3664 quemquam
711 3578 891 3643 clementius
912 3601 948 3642 ae
967 3600 1026 3643 me.

172 3689 236 3753 Pro
258 3688 343 3752 faida
365 3687 477 3769 mandi
496 3688 628 3771 patriam
652 3689 678 3751 si
699 3687 872 3769 deseruisti,

172 3799 229 3860 Vis
252 3812 283 3860 et
302 3800 335 3860 in
358 3799 417 3860 bac
439 3809 524 3861 terra
546 3797 625 3859 mibi
647 3818 704 3858 ceu
726 3786 847 3860 {ibimet
867 3800 1034 3882 peregrina

90 3909 130 3963 90
175 3901 258 3978 Quid
285 3903 462 3982 deservire,
481 3924 651 3985 causasque
675 3914 744 3967 tuas
763 3925 923 3986 superare,

173 4006 257 4069 Utile
280 3992 442 4072 consilinm
465 4011 522 4073 ubi
542 4023 617 4073 tunc
640 4007 681 4073 do
701 4031 766 4075 non
788 4010 997 4076 renuendum.

173 4113 272 4179 Usum
298 4113 434 4200 venandi
455 4136 517 4199 quo
538 4118 619 4189 bene
641 4117 669 4182 si
690 4116 842 4191 didicisti,

825 4226 877 4288 9*
