2640 4650
302 274 609 371 nuo-unius
654 286 770 371 rag...
792 282 833 350 u.
917 288 919 293 ·
1010 277 1078 344 ras

60 407 1070 436 W

56 531 58 536 ’
144 531 249 593 Missis
272 525 361 593 valde
383 528 467 588 bona
490 524 605 587 dautur
625 524 741 604 regalia
763 522 856 597 dona,

142 640 206 717 Qui
227 658 332 718 regem
352 647 498 717 repetunt
522 633 631 713 dignas
652 645 816 715 gratesque
838 634 898 694 sibi
919 629 1005 691 dant.

146 749 223 826 Quis
245 750 373 809 miscere
394 745 481 822 jubet
504 743 618 804 summi
639 742 706 804 vini
728 741 813 824 quod
835 742 981 804 babebat.

145 855 253 935 Legati
274 864 423 932 surgunt,
445 850 602 933 deturque
627 852 770 927 licentia,
791 862 934 932 poscunt.

142 966 211 1026 Rex
234 965 293 1026 ait:
332 958 445 1024 ‘credite
470 961 548 1022 mibi
570 954 738 1043 dilectique
761 973 867 1023 notate

143 1073 232 1150 Quae
256 1074 345 1136 vobis
368 1072 454 1147 dico,
477 1091 558 1152 quae
581 1068 672 1130 dicite
697 1090 759 1131 uon
786 1082 820 1131 ut
844 1071 954 1145 amico,

148 1183 209 1244 Sed
232 1183 330 1243 veluti
352 1181 433 1259 patri
453 1178 585 1240 meliora
608 1179 696 1238 malis
720 1177 884 1239 referenti:

144 1287 274 1363 “Qualis
299 1307 331 1348 es
356 1287 388 1345 in
412 1287 526 1361 corde,
554 1299 582 1346 te
603 1286 694 1347 talem
718 1282 825 1365 prodis
846 1285 879 1343 in
903 1303 969 1356 ore,

148 1393 240 1470 Quae,
261 1395 351 1456 nobis
374 1395 458 1455 venit
485 1406 536 1454 tua
559 1391 644 1474 quod
668 1393 779 1472 legatio
801 1389 918 1472 pandit,

149 1503 237 1580 Quae
260 1497 446 1583 spondendo
468 1502 532 1562 reis
556 1502 696 1578 veniam,
717 1521 805 1580 spem
828 1494 932 1559 dando
954 1495 1062 1558 salutis

147 1614 266 1673 Mirum
290 1612 369 1672 velle
391 1613 463 1672 satis
487 1609 577 1671 docet
600 1611 762 1673 ultroneae
784 1609 916 1690 pietatis,

149 1720 267 1782 Contra
289 1738 370 1800 quae
390 1729 496 1797 grates
513 1736 579 1778 nou
602 1715 773 1778 sufficimus
796 1715 871 1777 dare
892 1713 1016 1794 dignos,

152 1829 214 1892 Sed
236 1828 294 1890 tibi
315 1828 446 1904 subjecti
465 1845 593 1902 sumus,
620 1825 652 1885 in
674 1823 854 1905 pugnando
868 1823 998 1900 subacti,

149 1938 279 2019 Semper
299 1949 329 1998 et
354 1936 512 2014 omnigeni
534 1934 712 1996 serviminis
742 1936 850 1995 intime
873 1933 1022 2017 prompti.

149 2047 193 2107 Ut
214 2042 424 2120 demandasti,
454 2064 519 2126 quo
542 2043 588 2107 vis
610 2062 717 2104 souma
739 2045 784 2103 ire
806 2045 917 2123 parati.

151 2153 206 2214 Est
229 2151 316 2235 quod
343 2152 504 2213 laudatum
527 2162 686 2212 ternarum
712 2153 956 2230 septimanarum

150 2259 198 2322 Ad
220 2260 355 2341 spatium
379 2259 490 2322 restris
519 2271 565 2320 est
587 2260 686 2322 visum
710 2259 752 2320 sic
777 2260 823 2322 uti
846 2262 971 2339 nostris,

151 2372 188 2431 In
220 2390 346 2450 campo,
362 2365 499 2450 'priours
529 2388 561 2429 es
583 2389 648 2450 quo
671 2380 704 2429 tu
728 2369 937 2433 consiliatus.”

148 2477 277 2543 Oblitus
297 2479 324 2540 si
360 2476 437 2560 quid
465 2498 549 2552 errru,
581 2490 683 2541 vestre
706 2477 781 2541 fides
804 2495 833 2543 at
856 2480 887 2543 id
907 2479 1035 2564 implet!
1086 2485 1182 2541 toton

152 2586 357 2673 Respondent
375 2586 511 2667 pariter:
548 2587 701 2649 ‘meruisti
730 2588 921 2650 sufficienter

150 2698 218 2762 Nos
240 2697 357 2759 servire
381 2696 449 2772 tibi,
472 2717 597 2777 semper
617 2717 688 2757 cum
712 2696 806 2759 corde
829 2692 935 2759 fideii!

147 2809 239 2870 Tunc
262 2805 472 2876 inclinabant,
500 2825 571 2866 carm
593 2804 652 2866 rite
675 2806 795 2870 ‘valete’
818 2807 979 2881 recedunt,

151 2914 229 2977 Inde
240 2925 351 2993 petunt
363 2933 529 2987 summum,
544 2914 631 2975 velut
640 2925 686 2974 est
698 2913 836 2993 dignum,
851 2917 1087 2997 vicedomnum

151 3027 179 3084 A
202 3040 266 3104 quo
289 3020 399 3082 donati
420 3032 495 3080 sunt
515 3020 607 3080 valde
629 3024 717 3081 ‘vale’
742 3025 909 3085 benefacti.

68 3140 86 3160 ‘
153 3129 204 3190 Ex
222 3135 310 3206 jussu
332 3127 413 3206 regis
435 3127 629 3207 provisorem
653 3128 737 3191 dedit
757 3130 829 3208 illis,

151 3237 214 3314 Qui
235 3247 437 3320 procuraret,
458 3233 543 3316 quod
566 3255 646 3317 opus
666 3238 706 3299 sit
728 3239 792 3313 eis,
822 3251 855 3300 ut
879 3237 1042 3300 baberent.

153 3345 247 3424 Quod
267 3344 370 3410 studio
390 3364 514 3407 summo
536 3347 703 3426 complevit
723 3346 881 3430 cordeque
905 3345 980 3423 fido,

151 3459 264 3522 Donec
284 3453 431 3536 pacifice,
453 3456 504 3518 rel
527 3473 580 3515 eos
603 3451 753 3535 perduxit
773 3455 903 3519 honeste

152 3567 252 3627 Extra
272 3568 448 3626 clausuram
469 3564 546 3625 fines
568 3564 657 3641 regui
678 3562 887 3625 dirimentem.

153 3673 255 3748 Quem
282 3676 361 3735 bene
385 3669 537 3733 donatum
561 3674 610 3737 vel
634 3673 738 3737 verbis
770 3670 975 3752 gratificatum

154 3786 307 3856 Possunt,
329 3780 457 3843 inclinet
479 3781 561 3859 regi,
593 3781 724 3841 ‘faciam’
747 3782 861 3864 quibus
889 3781 1004 3865 inquit.

155 3892 237 3952 Asc
257 3887 350 3952 divisi
374 3901 447 3951 sum
469 3886 508 3949 ad
532 3888 728 3971 patriamque
749 3890 878 3953 reversi.

155 3995 262 4078 thue
284 3996 414 4063 domum
444 3997 578 4062 redeunt
599 4019 702 4080 regem
723 3998 922 4082 properando
942 4001 1092 4063 revisunt.

158 4104 201 4169 Ut
221 4106 360 4188 primum
384 4107 492 4186 vidst‚·
505 4111 585 4172 bene
611 4129 691 4193 quos
713 4111 859 4191 suscepit,
891 4119 922 4171 et
942 4111 1060 4192 inquit:
