2640 4650
145 184 212 247 ‘ldl
527 172 786 241 Ecnnsts.

148 288 1193 315 m

252 406 361 465 Castus
384 399 560 481 periclitor,
593 400 727 462 lartores
754 422 788 461 ac
812 398 995 481 einillones3

254 511 333 589 Quis
355 512 505 591 pincerna
524 507 655 584 densus,
680 507 818 588 dapifer,
842 529 900 571 nec
921 507 1088 590 prodigus
1108 515 1200 579 ullus

256 622 385 705 (Nullus
407 632 468 681 tam
492 638 605 698 parcus
629 619 705 700 quin
728 614 878 696 prodigus
896 636 942 711 *ex
975 616 1128 704 alieno);
1166 628 1171 637 ’

150 742 212 795 570
257 727 375 791 Secreti
396 726 508 787 tacitus
532 727 719 788 camerarius
742 723 853 786 ordine
882 721 998 800 denus,

255 836 347 900 Potio
370 855 450 916 quae
472 833 547 908 fiat,
566 836 617 894 vel
640 835 711 915 quis
734 832 898 895 cristallina
917 849 1061 913 promat.
1139 898 1143 905 ,

260 942 418 1005 ‘Servator
440 951 551 1020 portae
573 940 612 999 sit
633 952 742 1001 cautus
765 940 872 1001 limine
891 939 1047 1019 linguam*

258 1050 401 1131 Ligniler
422 1072 439 1110 a
463 1069 591 1109 nemore
615 1061 779 1128 conportet
803 1050 920 1109 robora
941 1048 1055 1125 silvae,

259 1156 396 1222 Torrida
417 1158 501 1237 ligna
525 1159 632 1232 vehat,
653 1178 693 1216 ne
715 1158 794 1217 stimi
817 1157 939 1235 virgula
960 1173 1085 1237 surgat,

158 1278 219 1334 575
264 1268 336 1345 Quo
358 1280 603 1348 corrumpantur
627 1265 779 1341 dorsalia,
808 1287 866 1327 nee
887 1265 1045 1327 vitientur

263 1380 363 1444 Pallia
384 1398 551 1459 suspensa,
570 1378 724 1438 substrata
747 1374 867 1454 tapecia
884 1375 975 1436 mira.

264 1487 428 1566 Pervigilis
450 1485 540 1546 multi
563 1483 687 1564 grandis
710 1483 749 1544 sit
771 1483 861 1562 copia
883 1481 975 1556 curti,

266 1596 403 1655 Verrere
425 1593 516 1656 valde
539 1593 685 1668 domum,
707 1590 843 1674 nequid
870 1593 909 1653 sit
925 1591 1200 1674 quisquiliarum,

267 1704 390 1764 Rursus
414 1701 608 1763 odoriferum
633 1713 805 1763 renovetur
826 1700 959 1763 floribus
982 1714 1128 1783 antrum,

160 1819 223 1874 580
265 1811 402 1872 Lumina
423 1809 583 1889 largifluae
605 1822 782 1871 statuantur
806 1831 895 1873 cerea
917 1829 1055 1888 mensae,

266 1920 384 1986 Officiis
407 1917 495 1981 dictis
519 1939 583 1980 non
607 1916 684 1981 desit
707 1919 854 2000 aquarius
875 1920 953 1996 istis,

266 2029 437 2108 Descriptis
459 2026 606 2108 gradibus
632 2031 757 2090 nonsit
781 2028 836 2110 qui
860 2039 1033 2089 murmuret
1054 2028 1157 2092 ullus.

266 2140 398 2200 Hlustris
422 2141 567 2200 monachi
590 2138 718 2218 captivi,
741 2136 868 2196 nomine
890 2136 1018 2215 Malclri,

269 2246 378 2310 Fortia
400 2270 470 2309 eum
492 2249 555 2309 vita
577 2248 748 2308 recitentur
768 2245 802 2305 in
825 2244 935 2307 ordine
955 2259 1059 2326 gesta:

163 2357 225 2414 585
269 2355 446 2434 Percipient
467 2357 564 2416 animi
587 2354 702 2416 dociles
722 2366 911 2436 teneantque
931 2351 1057 2430 fideles3
1129 2360 1138 2383 ¹

270 2459 460 2538 Unicornis,
483 2461 521 2522 ad
543 2465 621 2524 haec
643 2476 849 2542 perstrenua,
872 2465 1012 2526 conferat
1032 2462 1139 2542 istaec,

270 2571 357 2633 Voce
382 2572 516 2653 puellari
538 2571 667 2635 delectet
689 2585 816 2653 pectora
840 2573 925 2649 cleri,

272 2678 428 2744 Convivas
454 2682 637 2745 delectando
662 2682 842 2765 pariterque
863 2679 1031 2743 monendo.

271 2785 353 2848 Nam
374 2790 508 2850 mixtum
529 2792 632 2871 capiat
651 2794 819 2871 languena,
838 2811 879 2851 ne
903 2790 984 2852 lorte
1005 2802 1178 2868 gravescat.

166 2899 229 2954 590
271 2892 372 2958 Exeat
394 2896 468 2958 binc
485 2896 648 2974 dominus,
671 2903 763 2962 horto
785 2919 858 2959 nam
877 2896 1023 2978 proxima
1039 2918 1206 2979 quercus„

271 3005 417 3069 Membra
437 3009 496 3069 sub
519 3005 649 3072 adversa
672 3021 768 3088 ponat
788 3008 968 3088 languentia
988 3026 1117 3088 quercu,

272 3114 463 3197 Esuriesque
484 3117 550 3179 sitis
571 3118 645 3179 visis
668 3117 867 3197 reparabitur
888 3115 1003 3192 herbis,

273 3216 357 3292 Quas
380 3223 474 3285 habet
495 3226 571 3286 haec
593 3225 676 3286 horti
697 3227 814 3307 species
837 3237 866 3286 et
882 3243 1013 3285 amoena
1029 3234 1188 3304 venustas,

271 3323 357 3399 Quas
379 3331 487 3392 lambit
509 3333 602 3396 nitidi
624 3308 815 3396 circumflua
830 3335 920 3414 eopia
943 3333 1049 3408 fontis,

170 3441 230 3497 595
275 3434 329 3496 Nil
350 3436 472 3500 luteum'
491 3440 536 3509 de,
551 3443 639 3503 fonte
657 3443 740 3518 fluit,
762 3464 819 3504 nec
840 3440 986 3505 turbidus
1007 3444 1122 3503 humor

270 3543 435 3621 Nascitur,
460 3561 513 3609 aut
534 3554 655 3630 primae
676 3553 812 3615 violatur
833 3542 952 3632 origine
973 3572 1082 3615 venae.

269 3655 311 3712 At
331 3673 389 3715 nos
411 3654 536 3719 delicias
558 3664 736 3741 plumarum
760 3674 791 3724 et
813 3661 895 3724 linea
919 3672 997 3723 tecta

271 3757 446 3824 sternimus
469 3778 563 3850 atque
586 3783 685 3832 cutem
710 3773 811 3835 lulcro
835 3780 984 3835 tenuante
1005 3764 1153 3845 polimus.

160 3903 447 3922 M—

198 4007 313 4063 tslrltein
334 4013 572 4068 veutnutersrr?
606 4017 660 4066 590
671 4019 728 4066 orto
745 4016 774 4067 t.
811 4019 865 4067 592
880 4013 948 4067 erbis
961 4014 990 4063 Α.
1029 4005 1185 4061 mortib,
