2640 4650
222 331 224 339 ι
318 293 626 362 SAGERDOS
652 296 723 363 ΕΤ
752 297 953 368 LUPUS.

277 529 308 584 6.
350 522 480 585 Fossam
504 538 594 589 cavat
615 548 680 590 non
704 528 859 594 modicam

346 634 434 696 Intus
456 655 577 715 ponens
599 637 783 716 agniculam,

345 742 400 818 Et,
427 765 466 804 ne
489 757 609 826 pateret
630 747 784 824 hostibus,

343 848 486 931 Superne
508 853 582 932 tegit
603 853 782 917 frondibus.

277 965 304 1021 7.
348 961 497 1024 Humano
524 960 631 1024 datum
653 962 818 1026 commodo

345 1069 400 1130 Nil
423 1075 522 1147 majus
545 1083 592 1133 est
613 1072 756 1150 ingenio,

345 1178 475 1257 Lupus,
504 1175 579 1237 dum
602 1189 694 1238 nocte
719 1178 837 1258 circuit,

346 1283 410 1366 Spe
431 1283 569 1365 praedae
590 1299 698 1367 captus
721 1289 840 1352 incidit.

275 1400 305 1453 8.
348 1393 491 1454 Accurrit
513 1415 605 1455 mane
627 1396 791 1477 presbiter,

299 1496 308 1510 ⁸
341 1500 465 1563 Gaudet
486 1501 598 1564 vicisse
620 1503 743 1566 taliter:

349 1600 437 1670 lnt'us
457 1622 603 1692 protento
619 1613 737 1675 bacuio

344 1719 430 1802 Lupi
453 1721 592 1782 minatur
613 1722 716 1782 oculo.
784 1703 787 1718 Ι

274 1834 303 1890 9.
345 1826 432 1889 ‘Jam’
451 1829 572 1911 inquit,
601 1829 679 1891 ‘fera
698 1828 843 1910 pessima,

293 1955 295 1959 ’
350 1935 424 1995 Tibi
446 1934 618 2015 rependam
642 1935 766 1999 debita:

345 2043 409 2102 Aut
429 2042 480 2102 hic
502 2043 662 2120 frangetur
685 2046 826 2120 baculus,
862 2122 867 2130 x

251 2232 254 2233 γ
349 2149 413 2209 Aut
434 2149 486 2209 bic
508 2151 649 2229 crepabit
671 2148 815 2212 oculusi’

256 2262 307 2317 10.
351 2255 419 2318 Hoc
442 2255 524 2319 dicto
547 2258 641 2318 simul
661 2258 796 2338 impulit,

344 2367 454 2428 Verbo
477 2364 532 2427 sed
554 2365 671 2427 iactum
694 2364 805 2442 defuit,

349 2473 431 2535 Nam
457 2475 552 2553 lupus
579 2493 707 2537 servans
729 2477 855 2539 oculum

343 2581 456 2644 Morsu
479 2590 614 2642 retentat
636 2583 793 2647 baculum.

254 2695 305 2752 11.
348 2689 388 2751 At
408 2689 462 2748 ille
484 2686 578 2748 miser
599 2690 762 2764 vetulus·

344 2797 433 2856 Dum
455 2812 522 2855 sese
543 2794 637 2856 trahit
657 2795 789 2874 firmius,

344 2903 427 2983 Ripa
447 2899 575 2964 cedente
598 2904 717 2964 corruit

341 3014 383 3078 Et
405 3015 484 3096 lupo
507 3015 611 3079 comes
630 3012 751 3105 incidit.
789 3055 793 3060 -

255 3130 304 3187 12.
347 3123 430 3185 Hinc
451 3133 511 3203 stat
527 3124 642 3205 iupus,
664 3123 737 3184 hinc
758 3123 921 3205 presbiter,

344 3232 469 3295 Timent
490 3229 545 3294 sed
570 3229 769 3314 dispariliter,

345 3342 504 3430 Nam‚nut
524 3339 658 3404 fidenter
676 3343 825 3420 arbitror,

344 3449 455 3530 Lupus
477 3453 580 3513 stabat
602 3451 751 3513 securior.

254 3568 304 3624 13.
350 3558 501 3622 Sacerdos
524 3579 628 3621 secum
651 3561 806 3636 mussitat,

346 3664 386 3724 Et
410 3678 528 3744 septem
552 3669 689 3745 psalmos
713 3667 862 3742 ruminat,

351 3767 412 3829 Sed
435 3770 570 3833 revolvit
591 3773 804 3852 frequentius:

346 3874 515 3937 ‘Miserere
536 3876 599 3937 mei
623 3874 736 3938 deusl’

193 4099 219 4158 t,
239 4096 255 4145 4
291 4109 363 4161 spem

1081 302 1144 371 ert
1225 267 1227 271 ’
