2640 4650
508 303 924 376 wlot'fllttlos.
1184 313 1227 375 25

1108 431 1219 444 --—..-..

203 617 207 621 .
309 542 525 624 Congredere,
553 551 585 603 ct
605 540 690 602 bcllo
713 537 869 609 devictum
886 557 968 599 mox
990 538 1143 621 spoliato!

207 624 212 636 Ι
309 650 543 716 lbatmctcnoio
558 647 693 721 61666616
720 647 994 734 metropolitanus,

177 758 181 765 '
206 762 268 824 645
311 762 435 824 Verticc
460 761 546 843 lolva
569 758 661 821 micat
684 757 792 836 666616,
816 755 855 819 do
877 770 1002 838 pectore
1026 758 1151 834 thorax,

309 871 348 934 Et
369 873 481 953 procul
503 873 675 936 6661666666
697 872 786 933 ‘heus
812 866 895 931 audi’
919 866 999 930 dixit
1021 865 1178 947 ’6161661ι

308 981 387 1061 Regi
409 984 608 1054 Francorum
629 992 731 1043 totum
755 978 926 1040 transmitte
951 977 1120 1053 metallum,

311 1088 347 1152 si
368 1090 416 1154 ris
441 1090 570 1152 ulterius
592 1091 688 1155 vitam
711 1089 761 1153 vel
788 1089 905 1150 hoberc
928 1085 1078 1147 salutem!

261 1171 433 1265 Conticuit
456 1206 584 1284 paulum
606 1203 706 1266 verbo
732 1199 917 1262 fortissimus
939 1200 1043 1274 heros,

208 1314 271 1369 650
315 1308 493 1390 Oppcricnc
521 1310 653 1392 propius
677 1312 799 1372 hostem
822 1307 990 1371 adventare
1014 1309 1160 1370 ferocem.

312 1417 498 1482 Advolittmc
519 1418 632 1481 1616666
652 1440 760 1482 vocem
780 1419 972 1500 repotivcrot
1001 1419 1091 1479 istam

314 1524 401 1606 ‘Regi
424 1525 619 1590 Francorum
641 1537 741 1588 totum
765 1524 938 1589 transmitto
960 1517 1151 1586 mctalluml'

314 1633 395 1696 Tum
416 1635 540 1713 juvenis
563 1646 709 1697 66661666
738 1654 923 1717 responsum
946 1634 1078 1716 protulit
1099 1626 1183 1694 istud

313 1741 407 1825 ‘Quid
430 1742 582 1828 quoeris?
603 1747 654 1810 rol
671 1745 748 1827 quid
770 1743 870 1824 reddi,
891 1746 1071 1825 importune
1090 1730 1235 1806 coartat?

206 1858 267 1916 655
310 1852 464 1937 Nunquid
489 1854 668 1915 Guotlmrio
687 1833 818 1916 forabar
832 1854 905 1914 talia
918 1849 1013 1933 rogi?

312 1965 377 2026 Aut
401 1964 479 2025 mihi
500 1983 560 2043 pro
589 1964 680 2022 lucro
703 1962 873 2043 quicquam
896 1961 1067 2025 donaverat
1088 1963 1151 2038 illc,

312 2069 356 2130 Ut
379 2071 492 2131 merito
516 2088 645 2128 usuram
667 2088 717 2127 me
743 2067 834 2146 co'got
854 2069 977 2130 solvere
1001 2068 1140 2129 tantam?

315 2175 403 2234 Num
424 2194 560 2254 pergens
583 2194 639 2254 ego
665 2171 800 2254 dampno
822 2174 881 2234 tuli
902 2187 1022 2236 vestroe
1044 2176 1173 2256 regioni,

318 2278 363 2342 Ut
385 2283 435 2344 vel
456 2282 530 2343 hinc
549 2288 631 2360 juste
660 2281 767 2348 videar
789 2283 955 2365 spoliarier
975 2305 994 2346 6
1012 2280 1070 2346 te?

210 2392 272 2449 660
316 2385 350 2450 Si
371 2402 488 2454 1661666
509 2391 661 2462 invidiam
684 2394 803 2458 cunctis
823 2414 898 2474 gono
920 2393 1048 2456 exhibet
1067 2397 1135 2472 1616,

312 2499 356 2562 111
378 2503 504 2564 6616666
518 2506 622 2566 colum
643 2504 724 2566 nulli
747 2503 899 2567 concedat
921 2505 1020 2582 cunti,
1109 2508 1111 2512 ’

247 2624 251 2629 ’
313 2609 392 2674 Ecce
413 2613 497 2675 riom
523 2631 664 2689 mercor,
686 2613 753 2694 regi
773 2615 949 2676 transmitto
974 2614 1122 2676 (16666166

313 2720 480 2792 6666111666
501 2742 612 2802 pacem
633 2719 728 2784 dooct
752 2720 870 2799 modo,
892 2721 974 2782 bella
992 2720 1173 2783 6666111666)

263 2801 368 2895 Haec
388 2846 558 2915 postquam
578 2831 706 2897 Comclo
729 2835 868 2915 percepit
891 2832 985 2895 corde
1008 2834 1112 2895 ferino

210 2942 271 2997 665
315 2937 548 3017 ‘Amplificobic’
568 2938 612 2999 611
634 2937 783 3015 ‘donum,
803 2938 878 3000 dum
894 2940 1014 3001 'scrinio
1035 2937 1158 3021 pandis.

317 3040 546 3100 consummare
568 3042 682 3100 etenim
704 3061 864 3124 sermones
887 3063 971 3102 nunc
992 3048 1066 3107 volo
1093 3056 1237 3107 cunctos·

250 3163 253 3167 ’
315 3145 379 3206 Aut
401 3148 542 3228 quaesita
563 3145 669 3223 dabis,
691 3160 745 3209 aut
764 3150 860 3212 611616
883 3151 1032 3229 sanguino
1053 3151 1186 3217 fundet?
1229 3096 1238 3130 l

316 3251 368 3314 Sic
390 3255 434 3317 oit
454 3267 486 3316 et
507 3254 663 3338 triplicem
685 3257 820 3338 clipeum
842 3257 968 3338 collegit
987 3259 1021 3320 in
1044 3261 1161 3339 ulnam,

314 3360 354 3423 Et
377 3363 517 3444 66166666
538 3365 649 3427 hostile
672 3367 789 3430 6616666
811 3368 844 3431 vi
864 3367 1094 3448 6161666661,
1114 3383 1117 3387 ’

208 3477 270 3532 670
313 3472 358 3534 Ac
379 3472 461 3549 jacit.
505 3486 536 3535 61
555 3475 679 3552 juvenis
702 3475 820 3542 devitat
842 3477 965 3540 cautior
985 3478 1091 3541 ictum.

216 3576 218 3580 ⁴
314 3581 411 3643 116616
434 3585 546 3647 volans
568 3598 655 3649 66666
676 3588 821 3650 tellurem
842 3591 975 3652 vulnero
996 3586 1130 3651 mordet.

313 3690 511 3793 Wolthariuc‘
532 3691 660 3757 tandem
692 3695 729 3756 ‘ci
749 3691 793 3759 s'ic
822 3697 933 3776 plocct'
954 3697 1058 3781 inquit
1078 3695 1234 3775 ‘agamusl

278 3937 333 3984 060
349 3935 490 4002 superbum
509 3934 549 3989 B.
603 3937 803 3994 6621611116.
860 3937 1066 4004 6066616616
1091 3936 1123 3990 B.
1170 3937 1231 3988 ’060

135 4089 140 4096 ¹
209 4021 297 4072 616666
313 4022 344 4075 c.
400 4028 454 4078 666
472 4040 503 4078 66
523 4026 555 4080 Β.
609 4031 661 4080 ott
681 4030 776 4084 mordit
804 4031 837 4085 Β.
890 4033 944 4083 oto
967 4042 1055 4081 comm
1073 4025 1121 4092 6,,
1139 4025 1231 4094 oetge-

222 4109 342 4164 cbrlobco
359 4113 422 4167 aber
438 4131 553 4182 agamur.
