2640 4650
175 282 241 348 268
561 275 815 344 taosststs.

862 398 1193 412 „mu—...-

280 508 331 568 Ex
351 505 400 567 his
422 489 593 569 sextarium
614 508 706 568 sanxi
726 504 785 568 tibi
806 505 889 566 ferre
909 504 1093 585 bibendum,

176 623 237 679 735
280 615 414 677 Dulcius
433 635 468 677 ac
490 614 601 675 melius
623 635 681 675 nec
703 616 795 675 habet
818 615 987 676 scrutarier
1008 619 1101 695 ullus,

281 722 375 802 Quod
398 742 487 784 curas
512 722 624 801 abigit,
647 721 746 804 ¹quod
768 723 892 801 linguae
914 727 1011 786 verba
1033 726 1198 802 ministrat,

280 832 412 892 Morbos
434 828 563 904 avertit,
589 829 756 892 metuenda
778 833 917 913 pericula
939 834 1037 912 pellit.

284 938 439 1001 Trevirici
461 937 569 998 calices
593 958 672 1019 quos
695 959 759 1000 non
783 941 884 1000 secere
905 938 1073 1024 loquaces?

284 1044 410 1110 Iudiciis
433 1047 523 1107 certis
544 1039 668 1125 portari
692 1045 776 1108 dona
797 1049 925 1109 salutis’
1027 1074 1030 1079 ¹

601 1155 652 1216 leo
678 1155 773 1233 vulpi.

159 1270 237 1331 -ato
280 1265 430 1330 ‘Tradere
452 1264 479 1327 si
502 1281 642 1343 cuperes,
665 1282 730 1324 non
753 1273 837 1323 tanta
861 1264 999 1342 pericula
1021 1268 1129 1347 ferres,

280 1376 416 1439 Debitor
440 1394 472 1437 es
494 1373 613 1448 meriti,
636 1392 695 1452 pro
716 1371 795 1431 tanti
816 1371 956 1451 pondere
979 1377 1061 1438 facti.

281 1485 420 1548 Crimina
441 1485 548 1560 lingua
569 1481 637 1559 lupi
661 1492 860 1541 concusserat
884 1502 938 1543 ore
961 1484 1102 1563 bilingui,

280 1591 340 1653 Hic
362 1588 462 1651 crucis
488 1589 616 1649 exitium
639 1589 831 1668 properabat
851 1588 946 1668 figere
968 1590 1082 1670 dirum,

223 1750 228 1763 .
281 1700 426 1764 Furcifer
449 1718 517 1758 ecce
538 1702 634 1774 jacet,
653 1716 720 1758 non
742 1697 781 1758 sit
804 1698 859 1778 qui
878 1701 988 1762 tollere
1011 1714 1108 1764 curet.

176 1813 237 1872 745
281 1810 371 1869 Hanc
394 1807 508 1867 meruit
528 1823 682 1884 poenam,
703 1804 807 1866 vitasti
827 1804 964 1888 denique
987 1811 1131 1890 culpam?

621 1912 742 1992 vulpes.

279 2019 385 2087 ‘Andit
407 2016 492 2101 quod
512 2039 576 2082 non
598 2022 682 2097 vult,
706 2021 761 2102 qui
774 2019 874 2102 pergit
887 2018 989 2083 dicere
1004 2019 1090 2106 quod
1108 2023 1194 2089 vult?

650 2129 712 2190 leo.

278 2237 438 2300 ‘Demiror
456 2235 591 2319 pardum
612 2250 754 2298 nostrum
776 2258 936 2300 rarescere
958 2239 1081 2303 visum?

621 2347 739 2427 vulpes.

283 2451 342 2515 ‘Ne
366 2454 493 2515 turbere
516 2464 622 2533 pater,
648 2454 752 2517 veniet
774 2473 850 2516 mox
872 2450 992 2518 advena
1013 2454 1120 2532 frater,

283 2557 379 2635 Cujus
402 2558 440 2620 ad
463 2556 636 2639 ingresium
659 2562 795 2642 pelletur
822 2560 971 2644 quodque
994 2563 1159 2628 nocivum?

594 2668 771 2750 leopardus.

173 2780 236 2836 750
281 2772 386 2850 ‘Quod
408 2795 498 2837 mora
519 2779 559 2838 sit
583 2779 702 2855 fratris,
727 2779 816 2839 stillis
838 2775 1016 2858 perfundor
1037 2775 1169 2849 acerbis,

277 2883 312 2945 Si
335 2885 442 2946 forsan
464 2886 572 2966 periit,
598 2888 711 2950 melior
734 2908 765 2949 se
789 2906 882 2948 nemo
904 2883 1062 2956 remansit,

238 3033 241 3037 ,
278 2993 397 3074 Dispar
418 2995 633 3074 comparibus,
660 3016 758 3059 verax
780 2995 937 3076 psalmista
957 2991 1118 3071 probatur,

279 3101 429 3179 Sobrius,
453 3104 660 3184 armipotens,
684 3117 802 3181 castus,
826 3097 1035 3167 moderamine
1057 3095 1189 3175 pollens.

277 3210 409 3275 Cautior
430 3226 475 3274 est
494 3213 640 3290 homine,
662 3212 853 3302 prudentior
871 3212 920 3272 hic
941 3203 1128 3266 Salomone!

631 3324 771 3403 vulpes..

174 3431 235 3489 755
280 3427 324 3488 ‘Si
345 3425 466 3505 redeat,
489 3430 587 3492 visam
610 3428 698 3491 decet
723 3453 761 3492 en
786 3443 816 3489 te
837 3441 964 3506 poscere
987 3415 1145 3478 sucosam?

167 3526 170 3537 ’
275 3536 397 3615 Vulpes
418 3535 465 3596 ire
486 3551 590 3616 parat,
617 3537 748 3599 caudam
771 3545 895 3600 versuta
913 3529 1038 3606 regitat,

277 3643 320 3706 Ut
342 3644 442 3724 prosit
462 3644 580 3723 pardo,
610 3648 732 3726 signum
753 3643 824 3705 facit
846 3641 921 3699 baec
943 3633 1104 3716 leopardo.

280 3751 491 3831 congreditur
512 3752 681 3836 quercum,
704 3753 754 3816 cui
774 3748 906 3811 sciverat
925 3743 1034 3809 atlfore
1047 3740 1191 3826 pardum.

176 3913 461 3926 ...ψ-...α-

240 4006 292 4054 tao
312 4004 407 4056 inditus
431 4006 460 4056 A.
569 4008 622 4055 759
642 4003 736 4057 wieder
753 4001 827 4067 tepus
846 3999 888 4052 fiir
905 3998 1049 4067 leopardus.
1142 3995 1195 4046 158

172 4091 270 4143 cinerat
290 4096 321 4144 Α.
412 4097 464 4144 ’(59
484 4097 560 4149 talem
581 4091 679 4149 sobalts
697 4094 737 4148 iob
756 4091 805 4146 siu.
844 4092 962 4161 prolerre
983 4095 1015 4145 A.
