2640 4650
192 287 233 350 14
453 240 457 247 ¹
511 288 894 361 usurpamus.

294 527 334 587 Et
355 495 427 586 licet
447 521 622 603 ignicremis
646 524 737 585 vellet
761 521 835 587 dare
853 527 978 589 moenia
998 527 1146 610 flammis,

239 645 241 650 ’
295 634 428 709 Nullus,
459 632 516 714 qui
538 651 664 693 causam
686 634 840 712 potuisset
864 636 959 713 scire,
987 640 1148 704 remansit.

296 741 375 806 lnde
398 740 542 804 dilectam
564 754 659 804 vocat
680 740 718 803 ad
741 755 838 804 semet
860 744 1042 822 mulierem,

191 862 252 922 325
300 838 501 933 Praecipiens
518 870 627 912 causas
650 851 741 912 citius
764 848 887 914 deferre
906 864 1043 933 paratas.
1096 871 1098 876 ·

296 967 432 1045 lpseque
454 959 494 1021 de
516 960 647 1022 stabulis
669 961 821 1021 victorem
845 958 937 1023 duxit
958 951 1128 1045 equorum,

294 1074 389 1135 Hunc
413 1075 455 1134 ob
478 1070 625 1132 virtutem
647 1067 839 1132 vocitaverat
859 1071 912 1131 ille
934 1071 1068 1136 leonem.

295 1183 364 1246 Stat
387 1181 531 1260 sonipes,
563 1200 599 1239 ac
629 1178 739 1239 fraena
760 1179 853 1239 ferox
873 1183 1051 1259 spumantia
1064 1181 1195 1249 mandit.

295 1293 389 1353 Hunc
412 1300 580 1371 postquam
602 1286 709 1348 faleris
731 1288 823 1349 solito
847 1288 1066 1370 circumdedit,
1094 1314 1181 1373 ecce,

190 1409 252 1466 330
294 1397 414 1463 Scrinia
436 1398 529 1477 plena
549 1417 643 1475 gazae
665 1395 755 1456 lateri
779 1396 941 1479 suspendit
962 1403 1102 1485 utrique,

295 1508 399 1588 Atque
418 1504 490 1565 iteri
510 1504 605 1581 longo
626 1500 791 1565 modicella
814 1507 932 1570 cibaria
952 1511 1059 1591 ponit,

293 1617 442 1696 Loraque
464 1613 620 1691 virgineae
642 1611 771 1674 mandat
790 1613 945 1677 fluitantia
969 1614 1110 1680 dextrae.

293 1726 428 1806 Ipseque
447 1721 546 1782 lorica
566 1721 715 1799 vestitus,
738 1742 828 1784 more
848 1723 996 1803 gigantis,

293 1829 450 1911 Imposuit
471 1827 565 1909 capiti
586 1830 701 1890 rubras
724 1850 794 1892 cutn
817 1829 935 1891 casside
956 1831 1082 1910 cristas,

193 1951 255 2008 335
299 1944 505 2020 Ingentesque
527 1938 627 2001 ocreis
650 1958 739 2001 surae
763 1939 980 2021 complectitur
1000 1941 1121 2020 aureis3

295 2052 335 2114 Et
356 2051 481 2112 laevum
502 2049 606 2110 lemur
627 2049 754 2130 ancipiti
773 2049 992 2129 praecinxerat
1010 2071 1102 2128 ense,
1169 2092 1173 2112 2

227 2162 233 2178 ’
293 2163 396 2244 Atque
419 2160 481 2222 alio
501 2155 662 2235 dextrum,
684 2179 744 2238 pro
765 2157 829 2219 ritu
853 2160 1108 2241 Pannoniarum,

294 2275 326 2334 ls
346 2285 453 2332 tamen
474 2289 514 2332 ex
535 2289 599 2329 una
620 2279 742 2330 tantum
765 2266 819 2330 dat
840 2273 973 2333 vulnera
993 2285 1093 2353 parte.

172 2448 179 2456 p
298 2381 388 2441 Tunc
410 2378 530 2439 hastam
553 2375 665 2440 dextra
686 2378 831 2459 rapietis,
862 2380 1059 2460 clipeumque
1080 2378 1214 2461 sinistra,

191 2493 254 2554 sto
298 2487 454 2568 Coeperat
474 2485 577 2550 invisa
597 2486 738 2569 trepidus
759 2483 909 2550 decedere
932 2498 1028 2548 terra.

294 2597 446 2663 Foemina
467 2594 557 2658 duxit
576 2616 708 2680 equum,
730 2596 883 2660 nonnulla
903 2597 1019 2658 talenta
1037 2609 1213 2679 gerentem3

291 2708 330 2769 In
352 2707 561 2788 manibusque
582 2707 676 2768 simul
696 2705 816 2785 virgam
836 2717 922 2770 tenet
952 2705 1022 2790 ipsa
1042 2708 1215 2790 colurnam,

293 2818 331 2878 ln
355 2836 418 2898 qua
438 2815 576 2895 piscator
595 2816 724 2877 hamum
742 2815 973 2896 transpositio
998 2815 1131 2895 undam,

293 2921 338 2984 Ut
360 2922 487 3003 cupiens
508 2936 631 3005 pastum
655 2923 748 3005 piscis
771 2920 922 3004 deglutiat
944 2948 1073 2990 uncum.

192 3037 252 3098 345
295 3030 442 3113 Namque
464 3046 609 3111 gravatus
631 3044 699 3094 erat
718 3034 768 3095 vir
790 3035 946 3099 maximus
979 3037 1117 3120 undique
1137 3036 1217 3114 telis,

295 3141 540 3224 suspectamque
562 3142 675 3204 habuit
695 3157 808 3209 cuncto
830 3147 891 3208 sibi
909 3159 1052 3230 tempore
1070 3165 1216 3226 pugnam.

297 3249 393 3316 Omni
416 3262 509 3314 nocte
531 3250 659 3334 quidem
680 3257 897 3336 properabant
913 3275 1055 3328 currere,
1075 3249 1214 3310 sed'cum

297 3362 404 3424 Prima
424 3363 544 3423 rubens
559 3363 652 3423 terris
676 3363 813 3426 ostendit
833 3362 952 3424 lumina
974 3357 1140 3431 Phoebus,

296 3469 334 3530 ln
356 3466 442 3529 silvis
461 3467 584 3529 latitare
606 3467 735 3552 studenp
753 3481 785 3530 et
804 3487 901 3548 opaca
917 3463 1101 3544 requirunt,

192 3587 254 3643 350
298 3573 517 3657 Sollicitatque
537 3589 640 3640 metus
647 3621 657 3656 ‚
689 3579 740 3641 vel
760 3594 817 3655 per
835 3573 904 3633 loca
924 3579 992 3629 tuta
1016 3566 1166 3646 fatigans;

244 3777 298 3828 3²4
315 3773 419 3826 tandem
437 3771 471 3824 B.
479 3771 510 3825 l).
521 3770 543 3826 l.
579 3774 633 3824 333
651 3772 724 3823 ocius
740 3766 772 3816 l).
807 3765 861 3815 sat
880 3761 966 3816 Quem
982 3760 1017 3815 ob
1032 3761 1063 3815 c.
1085 3775 1215 3829 quemque

192 3868 226 3920 ob
241 3868 273 3919 D.
300 3866 334 3918 ob
353 3866 475 3917 uirtutem
493 3877 571 3929 quem
590 3862 622 3914 B.
647 3861 690 3913 Ob
707 3871 783 3923 quam
801 3852 822 3910 l.
859 3856 910 3905 331
929 3854 1022 3907 iteneri
1036 3856 1066 3907 Α.
1090 3855 1176 3908 itineri
1191 3854 1214 3908 1.

190 3961 260 4012 uteri
278 3959 310 4012 B.
361 3960 416 4009 335
434 3957 555 4022 ingentes
571 3952 707 4016 aereoque
724 3948 756 4003 D.
782 3961 856 3999 auras
874 3948 959 4000 ocreis
976 3948 996 4001 l.
1042 3951 1097 4000 333
1114 3962 1214 4016 panno·

190 4054 293 4106 nicrum
305 4051 337 4102 Ι).
373 4053 426 4102 331
444 4048 524 4101 alium
540 4045 635 4099 dextro
649 4039 670 4093 l.
706 4043 761 4091 333
778 4039 822 4093 dat
839 4045 939 4093 tantum
953 4041 982 4095 c.
1001 4041 1058 4109 ipse
1072 4037 1213 4092 A.G.l).l.

190 4147 244 4198 stt
264 4142 331 4196 dona
349 4144 483 4210 gerentem
501 4137 534 4190 D.
558 4130 710 4189 romuliam
729 4132 821 4193 talei.
867 4137 921 4186 343
942 4132 1090 4189 vualtarius
1107 4135 1164 4185 etat
1179 4126 1212 4179 0.
