2640 4650
548 230 782 303 utttnos..

563 355 764 364 ——-.

277 468 329 525 45.
372 465 441 522 ‘Per
464 463 557 522 istum
579 462 651 541 juro
676 463 833 533 baculum,

369 574 431 630 Per
452 591 566 649 corpus
589 572 648 631 hoc
670 573 882 651 perspicuum,

375 678 409 738 si
431 679 592 738 ruminant
614 676 753 739 diluculo

372 785 439 845 Mei
460 789 558 848 boves
582 787 613 847 iu
640 783 800 848 stabulol’

281 898 333 957 46.
376 896 512 956 Dextrae
533 895 652 957 furtivo
678 894 805 956 foedere

375 1003 523 1064 Vicissim
545 1016 666 1064 certant
688 1017 824 1081 tangere,

373 1110 418 1172 Ut
439 1113 518 1171 clam
539 1114 638 1174 boves
659 1112 874 1185 excerebrent,

375 1221 558 1280 interfectos
581 1221 752 1280 excorient.

322 1379 329 1392 .
375 1330 505 1391 firmati
527 1351 585 1408 per
606 1329 766 1389 stultitiam

375 1438 554 1501 Procedant
577 1437 615 1498 ad
638 1437 803 1512 insaniam,

373 1549 513 1609 Mactant
533 1550 630 1609 boves
651 1545 829 1621 crudeliter,

375 1657 580 1717 Excoriantes
601 1655 723 1716 acriter.

323 1812 330 1826 .
374 1762 577 1842 Suspendant
600 1782 708 1821 carnes
729 1761 883 1835 trabibus,

376 1873 475 1934 Pelles
499 1872 608 1931 laxant
628 1871 662 1930 in
685 1867 831 1930 curribus

377 1980 507 2057 Quietae
529 1980 629 2042 noctis
651 1991 791 2060 tempore

376 2095 492 2152 Petunt
514 2099 684 2148 mercatum
706 2074 895 2168 transfugae.

325 2247 332 2261 .
376 2202 520 2260 Plaustra
543 2198 637 2279 pelles
658 2198 804 2260 vehentia

375 2308 497 2367 Locant
518 2308 577 2366 sub
598 2306 775 2382 arrogantia

375 2415 411 2472 In
433 2415 560 2471 mercati
582 2413 720 2471 confinio

373 2521 465 2581 Inani
486 2521 572 2600 pleni
593 2519 727 2580 somnio.

324 2675 331 2690 .
374 2627 561 2708 Respectnm
589 2649 647 2707 per
670 2627 792 2689 silentia

379 2737 511 2797 Vibrant
534 2757 591 2816 per
614 2736 678 2798 fori
699 2734 808 2811 stadia,

376 2846 581 2925 Interpretari
601 2848 659 2907 snb
682 2865 775 2925 prece

377 2951 512 3035 Sperant
535 2975 553 3014 a
574 2953 785 3016 multitudine.

323 3106 330 3123 .
375 3063 497 3142 Vulgus
518 3063 786 3142 transit,·vulgus
806 3061 899 3132 redit,

375 3170 491 3232 Nullus
509 3175 570 3234 'snb
596 3192 670 3233 cura
695 3171 839 3245 consulit,

375 3280 451 3341 Non
475 3283 598 3363 estqui
620 3292 750 3364 quaerat
772 3280 884 3360 cupide

376 3388 605 3452 commercium
629 3389 668 3451 de
689 3401 824 3468 tergore.

280 3500 332 3555 52.
373 3497 449 3558 Post
471 3497 637 3560 intervalla
658 3510 835 3576 temporum

373 3599 496 3675 Major,
521 3600 658 3664 tenendo
680 3601 852 3676 stimulum,

377 3705 499 3769 Clamat
525 3708 559 3768 in
581 3728 678 3771 rauco
699 3722 824 3788 gutture

375 3812 464 3889 ‘Quis
484 3820 553 3879 vult
575 3818 629 3876 has
651 3818 748 3896 pelles
773 3809 917 3879 emersi’

281 3929 333 3985 53.
377 3925 497 3984 Assunt
517 3935 639 3984 sutores
662 3922 798 3999 sordidi,

375 4028 499 4104 Quibus
525 4044 595 4092 stunt
617 4044 734 4112 septem
760 4022 861 4107 solidi,
