2640 4650
313 251 619 347 ubonmun
660 240 778 364 nuga.
797 277 822 343 1.
843 276 884 344 u.
1036 276 1098 341 tas

836 401 1097 413 w

183 515 269 574 Dum
292 513 365 574 satis
388 514 470 574 inter
493 534 526 574 se
550 511 588 573 de
613 513 709 572 r'ebus
731 509 933 592 disposuere3

185 621 285 700 Regni
307 622 476 701 metropoli
503 629 666 700 coeperunt
688 615 881 698 appropiari,

182 734 218 792 ln
242 753 305 814 qua
326 752 384 793 rex
404 730 489 808 genti
508 731 608 806 legem
629 722 714 787 dedit
735 725 926 789 advenienti.

81 846 141 901 125
187 840 305 904 Castris
326 838 496 919 ingressis,
519 835 626 918 pueris
651 849 680 897 et
700 836 789 916 equis
811 833 982 912 stabulatio,

164 952 218 1011 ,ln
245 951 337 1013 simul
360 947 400 1010 nd
423 924 541 1009 curtem
564 947 779 1027 properabant
801 945 901 1007 visere
923 965 1037 1024 regem.

184 1061 433 1124 Urvennorem
456 1078 516 1120 rex
535 1051 642 1131 vidit,
659 1054 739 1116 dixit
760 1038 798 1115 ad
821 1055 928 1114 illum:

184 1165 287 1227 ‘Unde
308 1168 414 1241 venis,
438 1165 515 1248 quid
537 1165 673 1226 munoris
697 1165 776 1238 fers,
801 1159 894 1222 dicito
916 1162 1020 1222 nobis.

184 1273 392 1352 Investigasti,
421 1294 478 1352 per
498 1254 607 1335 silvam
631 1269 759 1352 quando
780 1271 900 1339 measti,
963 1281 971 1289 ”

80 1388 141 1441 130
185 1380 302 1441 Ursum
327 1381 391 1444 sive
413 1400 519 1457 suem,
540 1381 635 1440 libeat
660 1400 715 1439 nos
734 1399 863 1458 pergere
879 1391 949 1458 post
966 1373 1099 1460 quemi’

185 1487 249 1562 Qui
270 1508 333 1549 nou
359 1501 393 1549 ut
415 1487 561 1564 domino,
592 1486 644 1548 sed
669 1509 724 1548 ceu
746 1485 909 1567 respondit
931 1488 1047 1548 amico:

184 1591 325 1656 ‘Illorum
348 1608 513 1673 neutrum,
543 1594 596 1657 sed
622 1596 795 1659 eorundem
818 1593 1005 1658 domitorem

136 1765 141 1770 ,
184 1704 392 1782 investigavi,
411 1704 533 1785 reperi,
557 1724 678 1764 mecum
701 1705 759 1765 tibi
781 1702 869 1780 duxi,

184 1812 307 1875 Scilicet
328 1815 411 1876 bunc
432 1819 581 1891 juvenem
602 1814 722 1876 tibimet
747 1815 864 1880 servire
885 1811 1056 1891 decentem,

80 1924 140 1979 135
185 1920 259 1983 Arte
282 1922 354 1981 satis
374 1932 492 1999 catum,
514 1918 652 1984 venandi
673 1932 783 2003 satque
804 1923 951 1998 beatum,

183 2023 228 2085 Ut
248 2045 338 2100 reor,
362 2037 460 2106 utque
483 2045 541 2087 suo
564 2027 642 2086 mibi
664 2029 805 2088 cernitur
828 2027 861 2086 in
887 2029 1047 2090 comitatu.

187 2129 317 2190 Etcum
342 2130 496 2209 dignaris,
526 2132 616 2191 illum
638 2135 712 2193 satis
735 2133 802 2211 ipse
822 2134 984 2211 probabis,

185 2235 216 2294 Is
238 2256 294 2295 sua
317 2238 378 2296 fert
400 2235 483 2298 dona
504 2237 562 2298 tibi
583 2257 682 2317 parva
706 2258 762 2299 uec
782 2237 953 2316 abicienda,

184 2343 284 2425 luque
306 2342 480 2404 clientelam
504 2364 568 2426 quo
591 2343 758 2423 srrscipias,
780 2346 884 2425 cupit,
907 2347 1017 2412 illum)
1072 2412 1075 2417 ,

83 2452 143 2510 140
187 2445 249 2521 Qui
271 2432 498 2529 praecursorem
519 2451 597 2514 laeva
618 2453 720 2512 tenuit
740 2452 922 2533 bicolorem,

183 2556 243 2621 Cui
264 2557 324 2621 fuit
347 2570 455 2628 aurata
477 2560 560 2628 collo
584 2582 729 2644 connexa
749 2571 868 2628 catena.

565 2872 607 2938 11.

161 2988 279 3074 ‘Nunc
298 3023 342 3074 est
366 3012 496 3074 consilio
520 3015 612 3076 uobis
635 3036 715 3093 opus
738 3015 939 3092 inveniendo,
1101 3027 1198 3095 lolrte.

162 3122 305 3197 Qualiter
329 3122 412 3183 illius
436 3124 544 3205 pietati
566 3123 782 3203 gratificemus,

162 3230 237 3292 Non
258 3231 332 3291 solis
352 3230 457 3292 verbis
480 3250 616 3311 quorum
636 3230 712 3292 'satis
734 3231 939 3304 inveniemus,

162 3336 222 3399 Sed
247 3335 323 3419 quid
347 3335 503 3398 donorum
526 3339 685 3400 mittamus
707 3339 736 3400 ei
757 3341 930 3418 variorum,
1002 3365 1010 3383 ν

160 3451 215 3511 Eu
234 3462 272 3545 pt
294 3449 382 3533 equis
405 3449 520 3528 frenis,
544 3472 622 3514 auro
646 3464 769 3532 compte
791 3455 940 3533 faleratis,

161 3559 296 3623 PelliciIs
320 3560 424 3639 crisis,
447 3560 612 3637 varicosis,
635 3564 701 3626 sive
720 3564 893 3626 crusennis.

158 3665 207 3727 Ad
233 3667 338 3749 quod,
369 3689 432 3750 quo
455 3670 532 3731 mibi
555 3671 745 3753 quisdicat,
772 3671 848 3737 velit
867 3670 1033 3735 auxiliari?

158 3775 363 3856 Respondent
384 3779 518 3858 pariter,
539 3777 626 3861 quod
648 3792 741 3858 agant
761 3779 793 3842 id
816 3781 907 3846 valde
927 3782 1072 3844 libenter.

142 3883 273 3957 ,Grates
295 3887 356 3964 egit
377 3888 421 3946 eis
446 3906 504 3946 rex
528 3898 558 3946 et
582 3899 654 3967 post
676 3890 753 3950 haec
774 3891 818 3951 att
836 3890 916 3953 illis:

79 3997 120 4052 10
163 3987 257 4064 ‘Quid
278 3993 534 4074 respondendum
557 3995 597 4058 sit
617 3998 735 4074 missis,
764 3998 856 4061 dicite
878 3998 1034 4079 primum)

160 4101 216 4166 Est
238 4101 285 4166 ibi
305 4105 512 4190 philosophus
533 4108 653 4174 cunctis
673 4111 846 4194 sapientior
866 4131 958 4189 uuus,
