2640 4650
147 298 214 365 25⁰
524 290 789 364 scutale.

146 531 211 587 210
252 524 345 587 lllille
366 522 600 602 triumphorum
622 539 800 584 memorant
832 542 874 583 ex
894 517 1011 584 ordine
1031 544 1190 611 pompas,

252 632 420 712 Ductaque
441 650 500 710 per
517 626 649 690 mediam
671 629 846 710 spoliorum
867 628 990 690 terant·
1007 630 1159 698 Romam

255 738 413 803 Omnibus
439 758 480 798 ex
509 738 618 812 terris,
650 757 730 819 quas
752 733 895 817 undique
913 739 1060 801 continet
1083 746 1191 808 orbis.

254 845 396 927 Occupat
416 846 484 926 ipse
505 845 642 922 aditum,
666 866 704 907 ne
727 846 775 905 fas
796 845 836 905 sit
855 843 972 906 vadere
990 861 1144 932 captum,

250 957 296 1018 Ut
316 955 402 1016 canis
423 975 441 1013 a
459 953 551 1014 'corio
582 974 745 1035 nunquam
769 955 1000 1017 absterrebitur
1023 958 1143 1028 uncto,

148 1072 213 1128 215
255 1064 338 1127 Nam
367 1063 500 1125 uitulum
522 1062 606 1122 luter
626 1063 744 1139 reiicit,
765 1084 837 1123 cum
859 1064 954 1123 belua
976 1070 1097 1146 stertit,

259 1171 375 1233 Dulcia
401 1167 558 1250 depromit
579 1174 773 1252 superhaec
795 1172 974 1233 hortamina
995 1174 1103 1239 fudit:

212 1261 350 1348 ‘Pellite
372 1306 457 1346 nunc
479 1286 572 1360 vino,
595 1305 679 1344 nunc
703 1304 808 1347 curam
831 1283 946 1346 solvito
969 1305 1100 1367 somno,

259 1396 431 1477 Fertiaque
454 1394 592 1458 adversis
609 1396 761 1476 opponite
783 1406 911 1475 pectora
927 1397 1045 1460 rebust

258 1506 355 1567 Grata
377 1506 593 1585 superveniet,
615 1525 697 1586 quae
717 1525 780 1566 non
805 1503 1001 1584 sperabitur,
1030 1508 1143 1577 liora.¹

150 1624 215 1678 220
257 1615 306 1679 Ad
328 1636 466 1676 mensam
489 1613 579 1675 vituli
599 1614 713 1692 legitur
739 1615 896 1694 reparatio
925 1616 1016 1696 lapsi,

257 1724 337 1787 (ittttt
360 1725 417 1783 luit
440 1723 583 1800 expleta,
615 1722 738 1782 collatio
760 1720 876 1783 dicitur
902 1722 983 1786 ista:

256 1830 421 1894 ‘Conditor
441 1830 509 1909 ipse
537 1830 620 1909 poli,
644 1828 783 1910 prudens
806 1830 976 1894 fabricator
999 1844 1033 1894 et
1053 1839 1139 1917 arri,

253 1936 318 2014 Qui
340 1948 475 1998 moestos
495 1937 637 2012 releves,
658 1935 769 1998 vinctis
791 1938 943 1999 solamina
963 1943 1112 2022 praebes,

252 2050 290 2112 In
313 2061 344 2110 te
367 2045 507 2121 conlido,
531 2048 636 2106 clauso
658 2065 707 2106 me
736 2046 822 2108 solve
845 2046 982 2122 baratro,

148 2166 213 2225 225
256 2159 302 2223 Ut
322 2171 353 2220 te
375 2154 568 2233 collaudem,
600 2152 722 2216 videam
748 2155 970 2235 geminumque
991 2157 1185 2236 parentem)

255 2269 342 2330 llaec
362 2268 528 2328 lacrimans
549 2262 668 2346 poscit,
690 2263 766 2345 quin
790 2264 993 2343 completoria
1016 2262 1113 2333 dixit.

214 2357 306 2443 Post
327 2393 450 2442 noctem
472 2377 626 2453 mediam,
648 2376 777 2458 quando
801 2391 876 2438 eunt
898 2378 1022 2440 somnia
1042 2399 1132 2458 vera,

255 2491 430 2572 Speluncae
453 2488 598 2552 dominus
618 2488 656 2550 de
679 2490 753 2552 visis
777 2478 1038 2573 obstupefactus¹

258 2600 353 2678 Quod
385 2610 482 2662 strato
511 2596 605 2676 vidit,
626 2619 774 2660 enarrans
796 2601 962 2679 fratribus,
982 2602 1109 2686 inquitt

147 2721 211 2777 230
255 2713 368 2775 ‘Dicite
395 2709 548 2787 consocii,
573 2730 637 2793 quo
658 2707 765 2771 tendat
783 2711 864 2772 visio
887 2707 1013 2774 somni?

252 2820 373 2883 Bruchi
396 2840 467 2879 cum
487 2839 600 2902 vespa,
631 2820 770 2901 cyniies‚
791 2820 952 2882 coenomia
976 2822 1076 2884 multa

254 2931 310 2994 Me
332 2915 644 3006 circumvolitabant,
672 2927 765 2990 dente
786 2929 839 2993 sed
863 2933 1084 3012 asperitabant‚

253 3040 328 3103 Bini
349 3041 515 3101 crabrones
536 3040 696 3105 certabant
724 3040 877 3120 stringere
897 3043 1013 3113 lancee,

257 3148 352 3226 Quod
373 3148 451 3210 mihi
473 3151 559 3211 nulla
583 3149 667 3209 selus
690 3151 804 3211 mansit
824 3171 881 3211 uec
902 3150 1010 3215 invida
1036 3151 1151 3219 vlrtut.

148 3261 212 3319 235
256 3256 366 3320 Adfuit
387 3255 437 3318 his
459 3257 593 3336 vitulus,
626 3256 708 3318 celso
731 3277 800 3317 cum
824 3256 959 3320 carmine
981 3269 1097 3334 mutus,

253 3363 338 3440 Quin
363 3365 456 3426 etiam
478 3367 588 3444 vulpes
610 3364 786 3443 geminabat
809 3369 841 3428 in
864 3369 987 3429 aethere
1008 3386 1112 3430 voces.

253 3473 315 3552 Ah,
339 3475 367 3536 ei
386 3471 477 3534 docta
500 3493 610 3561 manus
627 3487 780 3537 monstret
802 3474 1013 3545 modulamina
1034 3473 1173 3539 cantusl’

607 3582 701 3646 luter.

255 3688 416 3750 ‘Hostibus
437 3686 496 3750 ista
520 3689 582 3751 tuis
604 3693 684 3753 nihil
704 3689 855 3772 estquod
879 3690 937 3771 [tu]
963 3689 1110 3768 verearis,

256 3794 373 3860 Credas
399 3799 529 3862 coneilio
550 3799 618 3862 vieo
641 3802 801 3866 salvabere
823 3819 945 3873 somno,

145 3907 209 3968 240
255 3905 395 3982 Scilicet,
415 3921 451 3970 ut
472 3908 607 3971 vitulum
629 3911 757 3990 patieris
778 3911 864 3972 abire
886 3909 1054 3981 tenellumt

138 4045 440 4064 w

216 4131 272 4182 att
291 4137 368 4184 uncta
387 4132 418 4183 Α.
490 4126 545 4179 atu
563 4132 688 4183 ortamine
708 4132 740 4185 A.
786 4134 866 4185 ’ast
889 4144 921 4182 ae
947 4130 970 4182 si
996 4133 1026 4189 Α.
