2640 4650
314 276 547 347 olenus
590 275 663 342 nn
709 275 947 383 rubens.
1077 279 1165 364 ssr‘

130 404 393 419 ...α--ρ--ι-

255 537 307 594 46.
349 532 643 612 Priusquamnunc
675 528 836 606 subiicism
895 563 898 569 »

347 641 442 700 Juxta
464 659 573 702 vocem
595 640 820 718 propheticam,

347 734 429 824 Quia
457 746 565 808 fimum
588 745 818 827 descripsimus,

296 918 298 923 .
342 858 416 920 Nou
441 859 555 935 gallum
584 858 836 936 praeteribimus.

254 968 306 1028 47.
348 967 410 1028 Per
431 967 544 1043 gallum
569 963 784 1050 decentissime

346 1075 501 1137 Doctores
523 1075 728 1153 subintellige,

350 1177 414 1255 Qui
443 1200 539 1254 voce,
573 1180 666 1258 gestis
690 1180 858 1257 clamitant,

347 1286 517 1350 Auditores
547 1309 587 1350 ue
617 1299 774 1368 torpeant.

166 1378 171 1385 ’
258 1399 311 1459 48.
354 1394 396 1458 Se
418 1396 521 1477 ipsum
541 1397 628 1478 prius
651 1399 760 1472 exerit,

346 1506 434 1568 Dum
465 1506 547 1567 letus
569 1505 625 1567 slis
649 1501 793 1586 percutit,

347 1616 391 1679 Ut
412 1615 479 1696 ipse
500 1616 638 1696 primum
661 1616 781 1689 sentiat,

303 1751 306 1757 ·
345 1722 418 1800 Quo
443 1723 576 1786 subditis
606 1723 783 1786 annuntiat.

252 1835 305 1898 49.
346 1831 420 1895 Edit
440 1813 534 1897 voces
555 1833 747 1917 productiles
805 1820 807 1824 ⁴

346 1943 465 2016 Nocte,
489 1962 559 2004 cum
582 1954 717 2003 stertunt
742 1942 895 2015 homines,

347 2047 431 2108 Nam
456 2064 536 2125 opus
558 2057 603 2107 est
624 2047 822 2123 clamoribus,

349 2151 527 2215 Coecantur
549 2149 624 2215 dum
654 2154 824 2216 erroribus.

257 2268 310 2325 50.
352 2261 419 2325 Sub
441 2263 543 2325 lucem
567 2264 679 2326 crebro
701 2262 878 2345 perstrepit,

347 2372 480 2453 signans
502 2373 613 2436 boram
632 2372 750 2451 judicii,

346 2485 384 2548 ln
414 2504 476 2567 qua
498 2501 564 2546 nox
585 2485 680 2561 hujus
702 2484 799 2547 seculi

341 2592 507 2655 Porhenne
531 2612 624 2654 mnne
653 2591 783 2673 deperit,

251 2705 307 2777 st.
348 2701 437 2762 Voce
460 2719 531 2761 cum
559 2702 602 2760 sic
625 2699 840 2781 circumtonat,

348 2805 614 2871 Obsurdescentes
637 2807 793 2886 fulminat,

355 2915 421 2978 Suo
447 2936 579 2977 monens
606 2916 803 2996 hortamine,¹

346 3025 414 3087 lam
438 3045 496 3090 uos
519 3024 558 3088 de
585 3047 696 3088 somno
719 3047 857 3108 surgere.

257 3141 308 3199 52.
352 3133 424 3197 Non
448 3148 493 3197 est
521 3155 571 3196 res
600 3134 802 3215 incredibilis,

346 3244 501 3307 Doctores
521 3263 613 3324 posse
634 3242 703 3306 fieri

345 3350 471 3414 Divinis
494 3342 706 3427 juvsminibus
747 3389 756 3407 .

341 3455 470 3519 Solutus
493 3479 512 3518 e
542 3455 735 3520 criminibus.

252 3575 304 3628 5³.
348 3567 471 3629 Etenim
495 3577 565 3648 post
587 3568 745 3647 apostolos

346 3675 580 3743 Praedicatores
609 3675 733 3737 inclitos

346 3779 499 3841 Errorum
523 3800 622 3843 coeno
653 3777 749 3845 fetida

349 3885 459 3946 Emisit
480 3884 636 3948 idolatria.

252 3994 303 4054 54.
347 3992 434 4068 Quos
456 3992 501 4053 sal
534 3995 672 4056 salvator
693 3994 836 4056 nominat

340 4097 484 4181 Loquelu
504 4121 636 4196 narrans
665 4101 770 4184 tipice,
