2640 4650
152 263 195 326 38
476 262 853 329 watvflsntos

285 491 413 556 Fortior
431 492 589 567 extiterat,
617 503 705 554 tanto
729 495 786 555 luit
809 493 894 558 ocior
917 496 992 574 otti,

287 601 327 662 Et
351 617 445 663 cursu
465 612 554 681 capto
578 620 666 663 suras
688 623 839 664 mucrone
861 601 992 677 recidit,

163 719 245 774 1030
288 711 333 773 Ac
356 710 398 772 sic
419 708 576 772 tardatum
598 713 761 791 praevenit
775 713 814 773 'et
834 713 962 773 abstulit
984 716 1050 788 ejus

290 819 431 882 Scotum.
474 818 529 881 sed
546 820 683 900 Trogus,
708 823 849 903 quamvis
870 820 909 882 de
931 823 1061 885 vulnere
1073 821 1185 901 laseris,

287 931 396 992 Mente
418 941 521 990 tamen
548 930 690 1007 fervens,
713 951 822 992 saxum
844 928 1052 1009 circumspicit
1067 930 1189 1007 ingens,

290 1034 392 1112 Quod'
400 1037 534 1117 rapiens,
551 1039 656 1098 subito
675 1039 826 1098 obnixum
840 1034 991 1097 contorsit
1007 1037 1042 1095 in
1057 1036 1189 1119 hostem,

287 1146 328 1210 Et
340 1146 506 1229 proprium
521 1167 538 1205 a
551 1165 672 1208 summo
690 1146 824 1228 clipeum
834 1144 900 1207 fidit
914 1167 1014 1228 usque
1030 1145 1187 1208 deorsum.

76 1252 79 1258 ’
165 1262 246 1318 1035
291 1254 354 1317 Sed
375 1254 489 1317 retinet
508 1257 641 1316 fractum
662 1255 753 1336 pellis
776 1252 975 1336 superaddita
996 1255 1127 1334 lignum.

290 1365 432 1447 Moxque
454 1385 535 1442 genu
563 1365 667 1444 posito
688 1363 820 1427 viridem
849 1375 1038 1427 vacuaverat
1071 1360 1188 1439 aedem,

291 1475 396 1557 Atque
418 1473 531 1535 ardens
555 1475 666 1535 animis
685 1477 812 1538 vibratu
833 1473 947 1535 terruit
970 1492 1074 1534 auras.

294 1583 333 1645 Et
357 1584 384 1644 si
404 1604 468 1644 non
489 1584 588 1665 quivit
606 1585 750 1646 virtutem
774 1582 938 1644 ostendere
961 1582 1067 1659 factis,

295 1692 397 1755 Corde
422 1705 524 1753 tamen
545 1693 687 1754 habitum
707 1693 850 1775 patefecit
872 1706 901 1754 et
923 1713 978 1756 ore
1002 1691 1135 1755 virilem.

167 1805 250 1865 1040
294 1802 361 1864 Nec
375 1822 490 1864 ⁸manes
511 1799 615 1862 ridere
638 1801 747 1887 videns
770 1802 929 1864 audaciter
949 1800 1020 1862 infit
1122 1856 1125 1861 ,

297 1910 342 1977 ‘0
364 1913 442 1974 mihi
460 1914 487 1973 si
509 1909 643 1992 clipeus,
676 1913 727 1976 vel
749 1911 891 1975 simodo
915 1910 1035 1977 adesset
1057 1906 1190 1972 amicus!

295 2026 374 2086 Fors
394 2023 452 2085 tibi
473 2022 633 2084 victoriam
658 2019 696 2084 de
717 2042 783 2099 me,
812 2043 878 2083 non
900 2018 1128 2084 inclita'virtus

296 2132 456 2212 Contulit,
483 2130 522 2193 ad
544 2143 665 2193 scutum
685 2152 868 2193 mucronem
891 2131 992 2192 tollito
1014 2123 1193 2191 nostrum!'

245 2215 350 2308 Tum
372 2267 500 2329 quoque
522 2244 688 2307 subridens
710 2246 821 2308 ‘venio
843 2244 923 2322 jam’
945 2241 1068 2308 dixerat
1087 2242 1192 2316 heros,

171 2359 252 2420 1045
298 2358 455 2430 Etcursu
478 2355 652 2418 advolitans
675 2354 817 2420 dextram
841 2355 981 2417 ferientis
1005 2353 1129 2416 ademit.

295 2466 356 2529 Sed
375 2488 446 2528 cum
464 2467 578 2528 athleta
597 2465 694 2528 ictum
707 2469 836 2529 libraret
858 2468 898 2528 ab
916 2488 993 2528 aure
1013 2463 1192 2551 secundum,

294 2576 502 2659 Pergentique
524 2577 644 2638 animae
666 2579 773 2643 valvas
795 2578 918 2659 aperire
940 2575 1097 2655 studeret3
1144 2595 1146 2598 ·

298 2687 377 2749 Ecce
399 2689 554 2749 Tanastus
571 2684 679 2771 adest,
710 2688 780 2750 telis
802 2709 873 2749 cum
896 2708 969 2768 rege
990 2687 1174 2768 resumptis,

295 2796 336 2859 Et
361 2799 479 2860 socium
501 2801 621 2877 objecta
641 2799 779 2879 protexit
801 2801 932 2862 vulnere
956 2800 1052 2879 pelta,

171 2915 254 2971 1050
296 2907 378 2968 Hinc
399 2907 577 2987 indignatus
597 2910 675 2970 iram
699 2911 853 2973 convertit
874 2907 914 2971 ad
935 2909 1040 2990 ipsum

297 3018 509 3094 Waltharius,
538 3019 768 3102 humerumque
792 3025 858 3100 ejus
884 3019 922 3082 de
943 3018 1068 3081 cardine
1090 3018 1184 3096 vellit,

298 3133 421 3212 Perque
445 3131 525 3191 latus
549 3127 641 3192 ducto
665 3130 797 3199 suffudit
819 3136 938 3198 viscera
956 3131 1053 3192 ferro.

299 3236 409 3301 Salve!
438 3240 648 3319 procumbens
672 3243 910 3315 submurmurat
930 3260 985 3300 ore
1006 3241 1172 3298 Tanastus⁴

299 3346 371 3423 Quo
393 3348 548 3410 recidente
573 3370 680 3429 preces
701 3351 888 3431 contempsit
907 3364 1052 3427 promere
1066 3344 1196 3417 Trogus,

176 3463 256 3520 1055
303 3457 524 3540 Convieiisque
545 3459 595 3521 sui
616 3460 766 3524 victorem
789 3455 924 3522 incendit
947 3448 1079 3524 amaris,
1137 3488 1138 3491 ¹

184 3588 464 3603 m

244 3671 314 3718 102³
339 3669 397 3722 ollis
418 3669 438 3722 Ι.
501 3673 569 3722 1031
598 3670 668 3722 lesus
686 3668 718 3721 A.
751 3666 835 3717 laesus
854 3661 884 3712 C.
943 3659 1013 3707 1035
1036 3656 1143 3708 scissum
1163 3656 1194 3709 t.

176 3763 248 3812 1036·
263 3775 348 3812 ensem
366 3764 396 3815 1.
435 3766 503 3815 1031
520 3762 633 3814 vibratas
647 3761 679 3813 C.
696 3754 804 3809 vibravit
819 3752 910 3805 terruit
928 3749 947 3800 l.
987 3753 1057 3800 1038
1075 3749 1148 3815 quasi
1163 3748 1196 3821 G·

173 3856 244 3904 1039
268 3858 366 3904 tantum
392 3854 423 3906 C.
487 3857 556 3907 1040
580 3865 685 3904 mouens
708 3847 729 3898 1.
793 3848 861 3895 1013
886 3856 1033 3894 mucronem
1058 3839 1098 3893 hic
1122 3841 1153 3894 B.
1173 3842 1195 3897 1.

174 3947 243 3996 1046
269 3944 400 3995 sedentem
420 3945 450 3997 C.
507 3947 577 3996 1048
602 3923 733 3991 1111111111
756 3937 786 3991 d.
847 3939 918 3987 1048
940 3935 1020 3986 telum
1039 3935 1069 3988 C.
1125 3939 1198 3988 1050

170 4038 196 4087 tu
216 4035 247 4088 B.
261 4035 284 4090 1.
345 4040 415 4088 1052
439 4044 551 4105 postque
569 4033 599 4086 c.
659 4024 1195 4083 105111110111.1111111111.

171 4131 240 4179 1055
260 4128 443 4196 convictusque
464 4129 504 4184 soi
521 4126 542 4179 l.
596 4124 666 4174 1⁰55
686 4121 738 4174 suis
757 4120 789 4175 G.
