2640 4650
527 272 778 342 ucensrs
940 244 945 247 ’
1099 272 1163 338 273

562 531 568 539 ·
597 502 726 587 pardus.

249 619 364 684 ‘Miror
389 637 484 702 quam
506 613 640 696 patriam
669 625 705 674 tu
727 603 856 685 mandas
885 626 952 670 esse
973 607 1166 688 petendam?

145 739 208 794 870
246 727 404 812 ·Nunquid
424 747 490 789 non
505 721 608 806 palria
631 733 685 801 est,
706 719 854 782 maternis
870 718 1033 783 ventribus
1050 720 1082 782 in
1104 743 1166 803 qua

247 837 326 900 Fuei
346 834 521 918 praesentis
542 831 681 899 fruimur
702 827 870 894 servimine
888 826 978 904 lucis,

250 946 375 1008 Affectu
397 943 482 1010 dulci
504 961 667 1017 carorum,
696 926 754 1001 nec
775 959 815 1000 ne
836 931 1013 1000 fovemuri’

562 1049 755 1130 philomena.

169 1158 171 1162 ⁴
246 1140 331 1226 ‘Non
341 1159 486 1244 equidem
495 1157 597 1238 pairia
607 1168 663 1230 eet,
672 1153 727 1218 sed
736 1153 955 1216 careermortis
964 1153 1168 1226 obumbrans,

199 1336 200 1339 ,
248 1269 283 1332 Si
304 1269 437 1351 patriam
459 1265 554 1341 dieis,
575 1264 709 1344 petriam
731 1275 798 1326 tum
821 1260 938 1324 credito
961 1263 1084 1339 mortis,

146 1385 207 1441 875
254 1377 338 1440 Nam
360 1378 441 1441 sitae
462 1372 597 1460 patriam
619 1391 686 1433 non
720 1383 766 1433 est
787 1373 834 1432 fae
869 1370 978 1432 dicere
996 1372 1104 1449 talem,

251 1485 311 1546 Hic
333 1483 453 1547 morbis
476 1481 667 1564 premimur,
689 1479 753 1541 illic
775 1479 831 1541 sed
852 1477 964 1559 gaudia
985 1477 1112 1556 dantur,

251 1592 352 1670 Quam
376 1591 472 1656 miser
495 1580 588 1671 atque
615 1587 719 1664 miser,
741 1587 792 1649 cui
812 1588 887 1650 talia
908 1611 1005 1670 regna
1030 1590 1138 1670 negari

249 1679 441 1780 Gemigerit,
472 1696 592 1761 baratri
613 1699 665 1760 vel
691 1715 786 1760 saevo
810 1718 933 1760 earcere
956 1696 1042 1758 trudi

250 1809 477 1892 Unusquisque
501 1819 620 1888 gemat,
643 1806 787 1888 capitalia
809 1805 940 1870 crimina
962 1817 1072 1886 tergat,

145 1927 207 1981 880
251 1918 400 1982 Confluat
421 1917 462 1980 ad
484 1916 648 1990 lacrimas,
681 1915 708 1976 ei
733 1916 801 1981 vult
820 1917 968 1982 seducere
987 1919 1127 1997 poenas!

594 2020 725 2103 pardus.
764 2095 765 2098 Ἴ
825 2013 849 2086 s

252 2131 312 2192 ‘De
331 2142 424 2211 peto,
446 2148 511 2212 quo
529 2129 623 2210 plane
644 2140 768 2210 repetas
790 2152 872 2212 quae
884 2143 1005 2195 moesta
1017 2135 1169 2207 canebas?

562 2237 754 2318 philomena.
995 2222 997 2228 Α

250 2341 394 2420 Quantus
416 2344 449 2406 in
473 2346 551 2410 orbe
575 2346 676 2423 furor,
697 2343 787 2408 vobis
813 2342 910 2407 modo
932 2345 1062 2411 restibus
1084 2361 1170 2431 utor,

192 2473 193 2477 ¹
252 2453 340 2516 Dum
360 2454 450 2542 rapit¹
464 2456 548 2518 hunc
567 2454 680 2533 judaea
700 2476 814 2540 manus
832 2456 914 2517 bene
931 2455 1055 2518 conscia
1068 2461 1169 2538 cujus,

242 2562 333 2625 ‘Cum
355 2563 399 2626 sic
421 2566 553 2628 astrictis
577 2567 767 2628 incumbunt
787 2565 1044 2646 vimaranensis,
1206 2643 1207 2650 ἵ

86 2727 89 2732 .
147 2679 209 2738 885
253 2670 348 2749 Quod
369 2675 503 2752 jubilum
524 2673 645 2751 cordis,
672 2673 790 2755 patitur
810 2671 886 2736 dum
906 2674 1050 2740 conditor
1071 2677 1169 2758 orbis,

250 2781 439 2863 Gaudiaque
461 2783 581 2863 plebis,
610 2782 725 2861 legitur
747 2803 816 2844 cum
838 2784 943 2864 passio
963 2786 1056 2864 regis·

251 2891 324 2951 Mos
348 2888 408 2949 fuit
429 2888 503 2951 inde
526 2889 614 2971 prins
635 2891 772 2973 antiquis
793 2890 935 2972 parribus
955 2903 1055 2971 ortus,
1149 2955 1160 2969 „

253 2998 292 3057 Iu
314 3016 406 3058 eruce
431 2996 519 3082 quod
541 2997 657 3061 Christi
676 3001 864 3063 resiceecunt
884 2999 972 3081 signa
1000 3004 1127 3081 metalli,

249 3104 320 3167 Nec
330 3126 397 3169 vox
410 3107 475 3168 ulla
491 3109 585 3170 tubae
600 3120 736 3185 resonet,
749 3107 804 3170 sed
819 3130 875 3172 nec
895 3129 1023 3192 quoque
1037 3110 1166 3191 eordae3

146 3216 209 3274 890
252 3211 404 3294 Lugubre
423 3217 626 3297 portendunt,
642 3215 717 3280 dum
731 3229 850 3280 moeste
862 3217 985 3280 silentia
998 3219 1166 3301 prendunt,

248 3320 299 3385 Ne
319 3325 388 3386 laus
410 3325 562 3390 horarum
584 3337 768 3390 consuetum
793 3319 931 3389 trauseat
953 3347 1090 3407 cursum,

249 3429 368 3511 Fagina
392 3435 478 3514 signa
499 3449 614 3499 sonant
628 3418 703 3518 ¹quo
726 3437 827 3498 clerus
849 3433 954 3497 debila
976 3438 1087 3516 solvat,

249 3538 317 3604 Nec
337 3556 467 3607 vacate
496 3546 597 3628 tipicis
618 3547 788 3626 subpressa
809 3542 946 3606 melodia
967 3547 1054 3609 vocis

247 3649 364 3711 Turbie
385 3653 554 3734 belligeris,
582 3655 638 3715 ubi
661 3651 914 3722 funditurunda
939 3657 1069 3728 cruoris,

144 3755 207 3812 895
252 3751 364 3818 Omnis
385 3759 468 3821 risus
489 3764 593 3838 abest,
615 3759 718 3823 cerdis
741 3762 891 3824 violentia
912 3762 1053 3842 prodest,

250 3863 375 3927 Affecsu
396 3865 499 3935 cordis
522 3869 630 3931 cressit
650 3887 799 3932 mensura
827 3867 955 3933 doloris.
1042 3925 1043 3928 ,

217 4096 270 4148 888
290 4097 379 4152 concie
396 4102 428 4154 A.
