2640 4650
496 218 870 360 dntirttnttttJS.

280 529 359 594 Orta
381 525 447 586 dies
470 522 633 602 postquam
658 521 803 580 tenebras
826 518 1012 581 discusserat
1033 532 1134 597 atras,

279 637 415 698 Portitor
437 647 609 708 exsurgens
633 629 805 707 praefatam
829 628 914 691 venit
937 629 971 688 in
994 630 1122 711 urbem,

280 743 451 822 Regaliquc
473 757 562 812 coco,
591 716 785 817 reliquorum
810 736 935 817 quippe⁸
949 737 1112 815 magistro,

280 851 446 911 Detulerat
467 846 586 925 pisces,
618 865 698 925 quos
723 845 772 905 vir
793 842 878 905 dedit
898 843 951 904 itte
972 844 1085 929 viator·

178 966 240 1022 440
284 960 351 1020 Hos
375 976 445 1018 cum
467 953 632 1033 pigmentis
657 951 813 1028 condisset
833 963 863 1012 et
883 952 1080 1032 apposuisset

281 1066 360 1146 Regi
384 1063 579 1137 Gunthari0,
608 1063 738 1121 miratus
762 1060 846 1122 fatur
865 1062 904 1120 ab
927 1062 990 1122 alto

275 1175 389 1234 ‘Istius
411 1191 484 1249 ergo
506 1168 592 1229 modi
614 1169 714 1248 pisces
736 1168 815 1229 mihi
835 1167 969 1229 Francia
989 1189 1151 1252 nunquam
1225 1216 1227 1219 ψ

279 1276 440 1352 Ostendit,
471 1295 545 1336 reor
568 1275 705 1334 externis
728 1272 881 1334 afinibus
901 1274 983 1336 illos.

281 1385 342 1446 Dic
363 1383 441 1442 mihi
464 1380 665 1461 quantocius,
696 1387 778 1460 cujas
802 1381 897 1443 homo
920 1380 1031 1444 detulit
1050 1378 1162 1444 illos?’

172 1497 235 1555 445
279 1493 413 1572 Ipseque
436 1483 630 1566 respondens
654 1499 761 1548 narrat
782 1486 869 1568 quod
891 1503 987 1552 nauta
1010 1489 1153 1553 dedisset.

278 1596 437 1659 Accersire
460 1595 619 1654 hominem
644 1596 789 1675 princeps
813 1597 973 1676 praecepit
995 1593 1141 1660 eundem.

276 1706 356 1784 Qui,
383 1723 451 1765 cum
473 1700 624 1776 venisset,
650 1700 688 1762 de
708 1725 742 1764 re
764 1704 922 1785 quaesitus
944 1703 1050 1767 eadem
1122 1732 1124 1736 ⁴

273 1813 361 1872 'salia
386 1809 466 1870 dicta
489 1807 572 1869 dedit
594 1830 781 1892 causamque
804 1808 974 1872 exordiae
996 1808 1106 1890 pandit

273 1921 426 1999 ‘Vespere
448 1918 616 1997 praeterito
641 1920 817 1987 residebant
835 1919 929 1980 litore
949 1918 1072 1995 Rheni,

171 2029 233 2087 450
278 2024 498 2105 Conspexique
523 2023 671 2088 viatorem
695 2047 829 2109 propere
852 2026 1049 2104 venientem,

276 2137 316 2198 Et
338 2136 436 2200 veluti
457 2155 580 2215 pugnae
603 2150 720 2197 certum
742 2156 801 2218 per
820 2140 962 2200 membra
984 2150 1144 2220 paratum3

274 2243 355 2303 Aere
378 2241 490 2304 etenim
512 2241 637 2320 penitus
660 2243 779 2322 fuerat,
808 2262 866 2307 rex
888 2246 1009 2324 inclite,
1038 2246 1167 2308 cinctus.

277 2351 421 2412 Gesserat
442 2364 470 2411 et
495 2365 614 2413 scutum
637 2351 780 2432 gradiens
796 2355 986 2436 ¹hastamque
1007 2373 1176 2416 coruscam.

274 2459 420 2541 Namque
441 2460 510 2522 uiro
532 2460 606 2522 forti
629 2461 737 2523 similis
760 2464 819 2525 tuit
842 2474 890 2541 et,
916 2463 988 2524 licet
1008 2460 1137 2538 ingens

169 2572 231 2631 455
274 2571 458 2649 Asportaret
482 2589 580 2643 onus,
608 2590 747 2649 gressum
768 2583 872 2632 tamen
896 2569 1007 2632 extulit
1029 2589 1143 2631 acrem.

279 2679 371 2740 Hunc
393 2676 570 2740 incredibili
589 2679 709 2741 formae
732 2677 878 2741 decorata
896 2679 1000 2740 nitore

192 2829 195 2835 -
270 2787 472 2870 Assequitur,
495 2788 670 2869 calcemque
691 2789 763 2850 terit
782 2791 844 2864 jam
866 2786 949 2848 calce
971 2786 1087 2866 puella·

273 2896 406 2978 Ipsaque
428 2897 593 2958 robustum
615 2897 698 2958 rexit
717 2915 775 2975 per
796 2895 864 2956 lora
885 2894 1056 2970 cavallum,

274 3002 394 3065 Scrinia
413 3005 488 3065 bina
508 3002 634 3087 quidem
656 3003 750 3065 dorso
769 3025 834 3066 non
856 3026 957 3086 parra
978 3005 1146 3078 ferentem,

169 3114 232 3172 460
276 3109 384 3188 Quae,
414 3111 488 3174 dum
512 3115 661 3176 cervicem
686 3116 812 3196 sonipes
834 3111 1014 3177 discusserit
1035 3115 1145 3186 altam,

274 3224 376 3303 Atque
398 3224 531 3302 superba
554 3223 639 3302 cupit
664 3226 838 3302 glomerare
860 3225 1021 3289 volumina
1042 3212 1204 3296 crurum,'

255 3330 359 3391 ,Dant
381 3332 534 3409 sonitum,
566 3352 623 3392 ceu
646 3332 717 3411 quis
740 3335 868 3414 gemmis
889 3327 1009 3391 illiserit
1032 3340 1153 3384 aurunt.

270 3435 329 3497 Hic
353 3439 428 3498 mihi
454 3451 634 3517 praesentes
657 3435 784 3514 dederat
805 3459 864 3519 pro
887 3449 1014 3498 munere
1036 3423 1160 3505 Pi⁸⁰0⁸·’

230 3520 304 3608 His
327 3549 457 3627 Hagano
483 3546 614 3628 auditis,
637 3547 676 3611 ad
704 3526 849 3612 inensam¹
865 3541 982 3624 quippe
1002 3534 1133 3612 medii,

173 3673 447 3690 --——-—n

234 3735 288 3786 430
305 3751 385 3790 cocco
404 3740 434 3793 Α.
462 3753 546 3803 quoco
569 3739 600 3789 B.
655 3739 708 3786 440
726 3733 786 3783 dum
808 3729 838 3780 B.
852 3724 872 3776 1.
915 3727 968 3775 442
988 3724 1093 3777 istiusce
1111 3725 1181 3778 modi

161 3837 289 3889 nunquam
309 3843 343 3880 m.
360 3829 390 3881 tt.
420 3829 503 3895 pisces
523 3827 553 3878 C.
607 3828 660 3877 444
677 3825 775 3885 quanto
793 3819 865 3871 ocius
882 3816 954 3867 cuias
972 3816 1022 3868 truc
1041 3818 1072 3871 C.
1099 3834 1182 3884 quana

161 3913 233 3965 titius
253 3917 284 3968 B.
321 3922 373 3970 444
393 3924 420 3970 et
438 3933 495 3970 cum
511 3914 577 3973 Α.Ι.,
614 3915 668 3965 tea
685 3915 793 3961 euinctus
810 3917 840 3962 Α.
866 3909 951 3960 intulit
969 3909 989 3964 1.
1026 3912 1078 3962 456
1098 3910 1180 3964 forma

161 4003 186 4056 d.
202 4007 333 4070 puellae.
370 4000 666 4063 451calcanatorec.
712 4003 767 4050 458
785 4002 912 4053 caballum
933 4000 962 4052 B.
1009 4004 1062 4052 460
1079 4001 1180 4054 diacus-

160 4099 230 4145 serat
249 4087 279 4148 (5.
325 4102 375 4151 461
396 4107 423 4150 at
443 4097 473 4149 B.
498 4091 560 4144 furit
576 4091 613 4155 gt.
628 4105 652 4144 v.
670 4105 748 4144 curru
765 4093 785 4146 l.
830 4095 883 4145 462
898 4091 1008 4160 geminis
1026 4092 1133 4146 illiserat
1147 4091 1178 4145 0.

385 4396 408 4429 Α..
