2640 4650
520 271 776 337 EOBASIS.
1097 271 1160 338 257

110 548 112 553 -
142 505 205 564 420
249 504 325 564 Post
346 501 406 563 iter
429 497 602 580 arripiunt,
625 497 755 561 davitica
778 496 916 560 carmina
936 499 1106 581 prendunt,

247 607 294 696 Se*
311 608 404 668 simul
426 606 605 682 excutiunt,
628 616 779 665 montona
808 602 968 664 cacumina
1001 605 1161 686 scandunt,

248 715 331 778 Inibi
354 697 546 789 considuntg
560 713 615 774 fini
637 723 789 792 concepta
810 707 975 773 reducunt.

250 825 412 886 Terminat
435 825 490 884 lras
512 820 763 893 laudes-defessa
790 820 961 887 uronastica
979 823 1101 902 *vulpes
1163 841 1165 847 ¹

252 933 423 996 ‘Christum
444 928 483 994 de
506 931 599 993 coelis
620 927 787 994 conlaudet
807 928 935 1010 spiritus
952 928 1093 1002 ¹omnisl’

146 1044 208 1104 425
254 1043 334 1106 Mox
354 1063 436 1123 genu
459 1040 618 1115 curvavit,
648 1039 741 1099 simul
761 1038 839 1099 llaec
862 1038 1002 1101 oramina
1021 1039 1104 1103 ludit
1153 1089 1157 1093 ,

254 1149 407 1224 ‘Christe,
428 1150 526 1230 patris
547 1147 608 1222 fili,
632 1147 709 1206 mihi
729 1158 760 1206 te
783 1145 872 1206 decet
894 1166 934 1206 en
957 1148 1106 1226 nrisersri,

258 1258 334 1320 Sum
358 1278 479 1318 memor
510 1257 577 1337 ipse
599 1253 678 1328 mei,
707 1254 780 1314 salis
802 1265 833 1315 et
854 1272 924 1316 mea
947 1256 1061 1336 frivola
1084 1256 1169 1335 novi,

254 1367 304 1428 Tu
326 1365 405 1427 milri
426 1366 468 1425 sis
488 1363 592 1443 galea,
628 1363 825 1444 quisslormas
847 1378 933 1427 muta
954 1367 1108 1429 elementa

255 1474 309 1533 Me
332 1473 427 1535 iacias
448 1470 613 1547 reducem,
635 1471 776 1532 fallacem
802 1473 918 1535 subrue
940 1473 1070 1534 testem?

151 1579 214 1639 430
259 1578 360 1643 Solvit
382 1580 485 1646 vincla
513 1579 648 1660 pedum,
663 1579 834 1662 tenditque
854 1581 955 1642 leonis
977 1579 1016 1642 ad
1035 1594 1172 1643 antrum.

254 1686 334 1749 Cum
358 1711 459 1770 prope
481 1689 652 1770 pervenit}
681 1690 839 1750 ‘miserere
864 1690 925 1750 mei
947 1687 1034 1759 deus’
1059 1692 1172 1774 inquit.

528 1799 637 1880 vulpes
681 1794 792 1877 pardo.

258 1905 327 1965 ‘Hic
349 1926 492 1982 maneas,
528 1904 629 1967 donec
651 1904 731 1983 regis
753 1905 915 1966 molimina
937 1926 1058 1978 noscas.

258 2009 400 2084 Quercus
423 2011 508 2073 adest
531 2017 639 2088 juxta,
662 2012 712 2072 cui
733 2012 806 2090 figas
829 2016 1022 2092 posterIora.’

258 2118 334 2181 Non
358 2131 463 2181 tamen
484 2117 671 2183 indecorem
688 2138 744 2179 sua
766 2138 799 2180 ae
819 2123 927 2198 regina
953 2101 1106 2204 reliquia:
1160 2126 1172 2146 ‘

153 2228 215 2288 435
261 2227 406 2309 Namque
430 2227 499 2291 viae
523 2224 628 2288 comiti
650 2223 835 2289 dodrantem
858 2231 989 2292 contulit
1017 2233 1097 2294 auri.

261 2336 327 2399 Nec
349 2333 429 2417 pede
452 2335 625 2418 composito
658 2354 728 2396 sess
747 2336 919 2407 sociaverat
940 2350 1041 2415 antro,

260 2445 392 2506 Pectore
414 2464 485 2506 cum
508 2445 642 2506 tremulo
665 2444 750 2512 stetit
770 2447 851 2508 anui
870 2446 978 2522 limine
1004 2446 1117 2529 primo,

214 2607 216 2611 .
261 2552 349 2616 Intro
370 2567 464 2634 caput
484 2553 592 2631 flexit,
614 2552 731 2615 donum
756 2554 941 2639 benedicere
959 2557 1073 2637 poscit.

261 2657 349 2736 Quae
367 2661 568 2726 benedicitur
589 2683 607 2722 a
628 2661 736 2737 sociis,
768 2661 823 2722 sed
846 2683 937 2724 amen
959 2665 1158 2742 geminatur„

631 2767 693 2826 leo.

156 2880 219 2938 440
262 2875 371 2936 ‘Belua
392 2876 564 2935 multorum
587 2870 723 2950 capitum
744 2872 818 2935 visis
849 2872 1113 2936 moribundum?’
1210 2943 1213 2950 ,

466 3047 469 3052 ,
598 2980 720 3060 vulpes.

263 3086 321 3148 ‘Ad
344 3087 420 3170 quid
443 3087 615 3164 venissem,
640 3087 666 3147 si
687 3106 751 3147 non
775 3084 977 3149 medicamina
1000 3089 1147 3153 ferrem?’

634 3196 697 3258 leo.
791 3231 793 3236 ·
1055 3272 1056 3275 Ἴ

263 3304 299 3363 ‘A
315 3323 406 3383 grege
430 3304 641 3365 confratrum
674 3315 772 3378 certas
796 3302 943 3375 divellere
965 3303 1128 3384 gressum?

263 3411 385 3494 Inspice
407 3412 594 3493 concilium,
618 3414 644 3473 si
666 3411 744 3473 desit
765 3413 835 3494 quis
856 3413 1031 3488 sociarum.‘

604 3521 726 3600 vulpes.
814 3547 817 3551 >

266 3626 388 3689 ‘Hercle
409 3632 512 3704 jacere
537 3639 624 3689 tuum
650 3650 707 3710 per
731 3648 850 3706 magna
865 3626 986 3687 silentia
1007 3623 1179 3706 pressuml’

640 3737 702 3795 leo.
786 3812 789 3815 ι
891 3805 894 3811 ¹
1037 3803 1039 3805 g

160 3833 223 3894 445
266 3836 404 3899 ‘Discere
426 3841 587 3921 persiti0‚,
602 3840 677 3924 quid
699 3852 730 3900 te
754 3839 921 3902 semoverit
943 3831 1072 3899 nntroi”

170 3974 414 3990 —————

235 4075 287 4125 434
306 4074 426 4142 relinquit
449 4080 477 4128 Α.
