2640 4650
173 274 236 356 asa
373 272 699 340 nuonmna
745 272 974 360 cingnum.

145 728 168 741 “’
262 719 360 782 Mittit
384 733 415 782 et
437 721 574 796 interea,
605 719 667 782 cito
692 739 757 802 quo
781 721 884 781 veniat
906 740 963 782 sua
985 735 1067 800 nata,

264 830 339 893 Post
362 851 456 912 quam
477 849 553 890 mox
575 831 668 908 agiles
690 829 796 909 plures
830 829 953 888 saluere
975 839 1116 910 tyrones,

267 938 386 1000 Texuit
409 960 449 999 ex
472 959 549 1024 atrro
573 960 652 1020 quae
674 938 749 998 biua
770 937 917 1016 ligamina
938 941 1065 1018 sponse,
1091 984 1100 995 .

266 1049 358 1126 Post,
380 1069 610 1131 quemcumque
635 1047 695 1108 sibi
718 1048 835 1107 tribuat
860 1048 1023 1108 clementia
1041 1045 1170 1111 Christi.

182 1166 224 1220 30
268 1157 358 1234 Quas
381 1156 454 1218 daim
479 1156 630 1238 procedit,
650 1179 708 1218 ceu
729 1153 833 1217 lucida
854 1157 930 1217 luna
950 1157 1078 1234 reluxit,

268 1267 370 1344 Quam
390 1269 499 1330 sollers
522 1281 618 1343 esset,
645 1287 738 1327 uenio
765 1264 941 1328 discernere
963 1279 1079 1348 posset,

268 1380 318 1440 An
338 1379 441 1457 volet,
465 1400 504 1439 an
533 1390 630 1456 naret,
653 1398 693 1438 an
718 1396 750 1438 se
774 1396 974 1460 quocumque
1000 1389 1140 1442 moveret

379 1753 386 1767 .
431 1747 439 1765 .
481 1724 523 1779 m,
545 1723 639 1785 quam
661 1722 785 1763 sumere
803 1701 891 1779 jussit
913 1706 1053 1767 herilem.

267 1810 307 1872 Et
328 1822 400 1891 post
419 1811 595 1893 hospitibus
617 1810 725 1891 datur,
742 1811 850 1873 ultime
873 1793 927 1874 sed
948 1813 1010 1875 sibi
1030 1823 1102 1895 post
1124 1813 1184 1876 hos
1231 1813 1234 1817 ’

274 1962 701 1984 .........
744 1933 801 1982 unt
822 1920 949 1984 insimul
971 1904 1091 1985 ambae.

268 2030 373 2107 Major
402 2028 530 2107 saniori,
563 2031 669 2108 junior
692 2028 832 2094 consedit
853 2032 954 2094 herili.

322 2181 443 2202 ..
493 2184 501 2201 .
548 2185 556 2202 .
598 2185 607 2202 .
650 2185 658 2203 .
703 2185 711 2203 .
752 2144 952 2223 jubetapte.

185 2251 226 2310 40
270 2248 345 2325 Ejus
372 2249 555 2312 contribulis
576 2251 708 2315 conviva
728 2251 822 2314 fiebat
845 2250 963 2313 herilis.

272 2400 499 2420 .....
524 2370 551 2421 ’.
593 2405 601 2421 .
645 2405 654 2422 .
699 2403 707 2420 .
752 2357 844 2421 datur
872 2381 946 2436 una,

269 2464 350 2524 Prae
372 2464 488 2546 quibus
509 2464 561 2524 ille
583 2467 666 2527 canis
689 2478 748 2528 stat
770 2468 846 2529 furti
867 2465 1013 2548 proditor
1033 2466 1145 2530 omnis.

271 2615 545 2635 ......
586 2573 760 2656 faciemque
787 2588 949 2639 revertens
1145 2582 1148 2587 '

216 2675 219 2683 ¹
268 2679 377 2743 Gaude
400 2681 576 2758 blaudi-tur,
601 2683 746 2767 quidsi,
769 2696 893 2766 monet,
917 2699 953 2749 ut
973 2683 1142 2749 tribuatur.
1198 2741 1202 2747 ,

184 2792 225 2853 45
273 2836 281 2854 .
324 2836 333 2854 .
372 2874 376 2883 ἱ
376 2834 705 2856 .......
749 2781 862 2857 atille
883 2794 1003 2876 recepit

267 2897 392 2964 Excidit
412 2911 444 2962 at
466 2900 526 2962 sibi
547 2900 623 2984 quid
646 2921 720 2963 casu
743 2920 809 2963 non
830 2898 864 2962 id
882 2901 1038 2984 repetivit.

198 3012 202 3017 ’
273 3052 699 3075 .........
742 3011 803 3072 hoc
824 3011 921 3073 homo
945 3011 1039 3099 coxit,
1170 3084 1175 3091 .

272 3118 443 3204 Nunquam
455 3123 588 3202 gustavit
596 3133 649 3183 aut
660 3132 814 3200 gustatum
820 3120 1006 3184 revtimebat
1016 3115 1207 3204 (retinebat).

375 3276 383 3292 .
427 3275 436 3293 .
467 3280 470 3285 .
478 3273 695 3297 .....
740 3229 887 3309 cacharia
908 3231 991 3292 tollit
1078 3244 1081 3248 ’

188 3344 229 3397 50
272 3337 385 3397 Postea
408 3320 552 3402 scutellas
575 3338 699 3420 dapifer
722 3360 792 3400 cum
813 3352 955 3420 posceret
976 3339 1055 3416 illas,

271 3441 415 3522 Porrigat
436 3446 493 3509 has
516 3449 575 3509 sibi
595 3470 690 3523 mox,
723 3447 840 3509 cunctis
861 3449 934 3509 lixis
964 3449 1052 3510 velut
1072 3456 1124 3507 est·
1138 3464 1206 3505 mos

272 3594 547 3616 ......
593 3557 691 3636 cani]s
710 3542 882 3638 inspatiens
903 3559 984 3619 male
1007 3558 1128 3633 crebro,

270 3658 392 3719 insiluit
413 3659 538 3722 tandem
561 3664 728 3728 lacerando
748 3665 845 3728 trahit
868 3665 929 3727 sibi
953 3677 1079 3742 vestem,
1118 3696 1123 3705 ·

49 3786 175 3852 st'otmsb.
272 3766 375 3847 Atque
396 3769 634 3851 momordisset,
660 3775 694 3835 ni
716 3774 842 3837 scutifer
866 3773 1042 3855 eripuisset.

184 3922 435 3937 m

255 4021 300 4072 24.
319 4022 355 4070 25
374 4017 497 4072 scheinen
523 4035 581 4072 vom
601 4022 665 4075 vert.
694 4025 775 4077 selbst
793 4019 980 4091 ausgesclnbt,
1008 4038 1038 4075 er
1067 4021 1154 4075 wollte
1172 4018 1211 4073 sie

179 4111 227 4162 wel
246 4110 325 4164 durch
345 4113 441 4169 andere
460 4118 587 4168 ersetzeu.
