2640 4650
520 275 785 344 nceasls
836 260 842 271 ‘

256 507 350 584 Quod
372 508 398 570 si
420 508 594 588 postponis,
617 506 678 567 soli
698 505 757 566 tibi
777 503 891 568 dacusa
910 509 1039 587 parabis
1118 532 1125 570 :

251 618 289 679 ln
312 638 403 697 grege
426 636 600 677 muscarum
621 635 731 676 noscas
759 617 883 696 spelaea
906 616 1054 694 terarum,

253 725 341 801 Quae
364 738 394 787 te
420 723 568 786 dilanient
590 738 620 786 et
643 736 707 786 toto
729 745 866 806 corpore
896 701 1056 786 scindent:

254 836 337 898 Nam
356 816 472 896 stimuli
492 854 605 912 vespae
628 846 701 894 scint
722 835 804 896 vires
826 836 933 897 mortis
965 835 1104 895 acerbae.

145 945 208 1007 245
250 944 349 1006 Binos
371 944 542 1006 crabrones
564 947 672 1006 ambos
696 926 848 1023 cognosce
883 958 1036 1025 parentes,

252 1050 316 1128 Qui
340 1063 448 1113 natum
470 1048 603 1126 dellcnt,
635 1052 741 1112 latices
762 1049 820 1112 tibi
843 1051 946 1131 stipite
970 1053 1073 1130 figent.

255 1161 290 1220 ln
311 1159 411 1236 jubilo
432 1159 536 1237 vulpis
558 1157 680 1237 proprii
714 1177 790 1235 cape
813 1158 898 1235 signa
921 1157 1085 1219 moeroris.
1165 1163 1170 1237 j

249 1267 366 1327 Infelix
388 1267 505 1328 vitulus
536 1284 599 1326 non
623 1275 711 1343 grata
734 1263 883 1344 compede
909 1264 1030 1326 vinctus

253 1371 347 1432 Exiet
370 1369 408 1432 ad
431 1391 598 1451 campum,
619 1372 737 1430 bellum
759 1391 828 1431 cum
853 1371 975 1434 verterit
996 1382 1113 1432 ortum.

147 1489 210 1545 250
255 1478 338 1560 Quid
363 1478 452 1542 dabis
476 1500 551 1558 ergo
573 1473 685 1541 bonis?
718 1479 762 1541 sic
783 1490 842 1541 stat
865 1481 1018 1542 sententia
1037 1481 1150 1565 somni.

608 1588 714 1668 lupus.

251 1697 332 1758 ‘Heu
353 1692 447 1757 mibi!
472 1694 546 1777 quid
566 1696 689 1771 faciam,
708 1698 760 1758 vel
773 1697 877 1778 qualia
897 1698 994 1759 verba
1008 1693 1171 1759 retexam?
1190 1741 1195 1750 ·

254 1805 343 1882 Quae
356 1809 440 1867 bona
454 1802 661 1868 distribuam?
677 1827 758 1887 quae
772 1804 995 1868 mundiburdia
1006 1805 1172 1891 quaeram?

251 1914 359 1975 Poscis
382 1933 441 1993 pro
464 1913 759 1988 vitulo,‚miuitaris
788 1931 847 1991 pro
871 1912 1024 1992 perituro,
1055 1966 1057 1971 .

256 2021 290 2082 Si
312 2020 400 2080 daret
421 2019 588 2079 Heinricus
612 2020 705 2081 nobis
728 2039 874 2099 percarus
898 2023 1016 2082 amicus

148 2137 211 2194 255
257 2129 394 2208 Sporcos
424 2127 628 2205 quingentos,
650 2127 768 2188 vitulos
790 2122 921 2186 totidem
944 2128 1108 2207 saginatos,

255 2234 330 2295 Non
353 2234 432 2292 feret
454 2234 590 2312 inpune,
611 2233 697 2316 quod
719 2234 830 2314 sparsit
852 2235 1001 2314 fragmina
1024 2255 1149 2316 coenae,

255 2342 370 2404 Viniac
396 2340 575 2420 dulcorem,
597 2343 721 2405 solitum
747 2343 852 2423 [milri]
875 2344 959 2405 ferre
982 2365 1141 2426 soporem.

255 2451 322 2515 Gur
342 2451 425 2533 perit
447 2452 602 2513 incassum
631 2464 720 2514 tanto
743 2451 858 2515 sudore
879 2452 1056 2534 paratum?

254 2559 348 2638 Quod
381 2560 458 2624 foris
481 2563 629 2638 excessit,
662 2562 754 2623 nobis
779 2563 959 2628 nullatenus
981 2561 1088 2639 haesit,

149 2679 213 2737 260
255 2670 317 2735 Sed
341 2683 411 2753 post
433 2672 607 2750 ingressum
627 2671 664 2731 sit
688 2671 779 2731 nobis
801 2668 1048 2751 discutiendum

252 2785 411 2845 Instauret
432 2778 610 2862 quadruplo
631 2791 775 2860 sumptus
811 2782 923 2842 stultus
953 2782 1030 2843 milri
1048 2783 1174 2866 simplo.

257 2889 355 2954 Mane
379 2908 487 2948 canam
519 2890 665 2968 psalmos,
689 2890 717 2951 si
736 2887 838 2954 tardat
860 2910 947 2952 sacra
968 2890 1132 2959 sacerdoa.’

257 2996 550 3077 Arabicapellanus,
570 2999 758 3060 camerarius
781 3011 811 3060 et
833 3020 926 3062 cocus
948 3002 1059 3088 almus,

257 3105 358 3168 Index
381 3106 520 3184 consilii,
544 3108 620 3187 quin
642 3105 740 3183 judex
772 3108 856 3170 illius
883 3113 974 3190 antri,

150 3219 215 3279 265
259 3215 372 3276 Extitit
394 3213 506 3277 ericius
535 3215 688 3295 perplexo
710 3215 825 3278 vellere
846 3233 945 3294 sutus,

215 3375 223 3398 ,
257 3324 403 3407 Namque
426 3343 523 3404 super
549 3337 675 3388 cunctos
708 3347 810 3391 nanus
830 3328 890 3390 fuit
914 3328 971 3390 istc
993 3325 1149 3406 sacerdos,

253 3435 441 3498 Indumenta
463 3433 553 3496 novis
574 3436 699 3496 texebat
720 3437 846 3516 plumea
867 3438 947 3501 telis.

550 3545 645 3624 lupus
668 3546 775 3609 ericio.
1019 3624 1023 3629 ᾗ

257 3650 342 3713 ‘Post
362 3650 472 3713 horam
496 3665 614 3716 sextam
638 3666 729 3735 capto
752 3677 827 3719 mox
848 3655 949 3718 tollito
971 3656 1077 3730 vitam,

258 3753 352 3830 Quod
374 3758 462 3838 petiit
483 3760 559 3841 feci,
588 3783 660 3823 nam
682 3764 737 3825 vix
757 3763 912 3845 promissa
935 3751 1066 3847 replevi.

224 4007 383 4075 mapalea
401 4010 432 4063 Α.
486 4012 538 4062 ast
559 4008 601 4062 hel
620 4012 651 4063 Α.
705 4011 759 4063 256
786 4009 914 4076 fragmine
932 4010 963 4061 Δ.
1026 4009 1081 4064 961
1098 4006 1173 4062 llelse

153 4095 209 4153 sicb
230 4097 296 4156 ancli
313 4102 464 4157 madesco
483 4102 533 4156 soli
552 4108 607 4158 tum
627 4118 694 4159 erre.
754 4106 803 4156 261
826 4102 921 4154 stultos
939 4103 969 4153 Α.
