2640 4650
174 252 239 319 too
413 246 725 315 nuonntun
768 244 966 335 εις-,ιιι

284 481 340 543 Nil
361 478 554 557 desen-tue,
584 480 618 542 ni
636 464 762 561 pauper
778 478 889 545 virere
905 498 1017 562 putre,
1280 564 1283 569 Ι

284 588 412 650 Victum
435 591 487 651 rel
508 602 646 668 restem,
681 590 805 651 nullum
824 589 899 670 plus
919 590 1197 675 emolumentum,
1278 586 1284 621 ¹

284 698 388 776 Hujus
409 720 481 760 cum
504 699 594 777 regni
614 699 757 761 columen
789 698 933 779 specialis
953 700 1156 768 situmnis!
1174 742 1215 755 -

281 803 347 883 Qui
368 807 430 869 sibi
450 806 598 868 dilectum
618 827 724 869 secum
744 805 900 869 sumendo
918 804 1070 873 nudulum

176 926 240 980 280
283 915 332 977 Ad
354 938 459 996 regem
479 914 640 996 graditur,
661 938 737 997 prce
761 936 828 998 quo
856 914 1022 979 siriaudo
1042 932 1215 999 precatur:

283 1025 339 1105 Si,
359 1048 438 1102 rex,
454 1025 619 1101 auderem,
641 1026 700 1087 tibi
721 1026 773 1087 rel
788 1026 858 1087 lore
878 1044 944 1087 uun
964 1030 1214 1109 unw'scirem,

287 1131 383 1211 Quod
405 1134 499 1196 nimis
521 1135 605 1215 angit
627 1154 694 1211 me,
718 1135 777 1196 tibi
796 1135 910 1197 reltem
934 1133 1131 1201 notificare!

282 1246 355 1307 Rex
372 1245 434 1307 rit:
455 1246 614 1328 ‘eloquere
621 1289 630 1322 ,
652 1245 803 1306 clemente
823 1243 934 1326 potiris
953 1242 993 1307 tul
1016 1226 1054 1309 id
1076 1249 1160 1314 nie!
1232 1278 1238 1285 ·

285 1352 342 1414 lllc
365 1351 462 1434 pedes
483 1353 565 1431 regis
587 1353 785 1432 amplectitur
805 1352 912 1415 osculo
932 1349 1011 1415 dans
1036 1354 1106 1420 liis.
1157 1412 1160 1417 .

61 1468 248 1525 tottsmss
291 1463 429 1545 Postque
450 1458 644 1540 resurgendo
674 1463 729 1525 vix
750 1464 881 1544 protulit
903 1446 962 1523 istu
985 1464 1175 1541 gemendo:
1268 1543 1271 1548 Ι

284 1569 380 1648 ‘Quid
401 1572 479 1634 milri
501 1590 612 1632 causae
639 1572 694 1646 sit,
715 1571 828 1635 melius
848 1592 908 1633 rex
927 1572 996 1653 ipss
1013 1573 1176 1643 ridebit?

285 1679 338 1743 Sic
361 1681 403 1742 ait
425 1681 523 1762 inque
548 1700 660 1741 monus
683 1679 736 1741 dot
756 1682 910 1743 litterulas
928 1682 991 1743 sibi
1015 1683 1155 1753 missae.

284 1790 355 1851 Rex
379 1790 494 1850 sititis
514 1787 622 1849 lectis:
648 1790 749 1850 ‘nunc
770 1791 943 1873 compatior
961 1792 1038 1853 sutis
1057 1792 1150 1862 istiu.

279 1897 369 1975 Quae
392 1900 452 1960 tibi
475 1898 664 1979 promittunt
677 1897 824 1977 domini,
854 1900 883 1962 si
902 1898 947 1961 sic
965 1920 1005 1962 er
1020 1902 1173 1989 solvunt,

178 2017 245 2073 290
290 1994 451 2074 Consilior
471 2007 600 2083 videas,
631 2009 740 2070 venias
763 2010 840 2092 quin
859 2030 940 2071 nere
960 2010 1150 2096 relinquas,

282 2121 388 2201 Atque
406 2129 479 2182 tuce
506 2116 613 2178 matris
634 2115 728 2178 uintis
749 2127 796 2177 est
816 2116 929 2196 legatio
949 2119 1065 2182 suavis.

284 2226 370 2289 Hinc
390 2228 521 2290 omnino
544 2226 604 2287 tibi
623 2224 718 2287 modo
740 2225 816 2288 uolo
828 2226 1033 2291 reconsiliari.

285 2334 371 2411 Quin
391 2334 490 2397 rudos
511 2334 550 2396 ad
571 2354 639 2395 erm
663 2336 713 2395 vel
741 2333 912 2397 consoleris
932 2332 1084 2415 eundem,

178 2512 181 2519 ,
287 2443 551 2526 contribulesque
574 2456 645 2508 tuos
668 2442 790 2506 visendi
818 2457 848 2507 tc
867 2458 915 2508 sat
942 2466 1068 2509 curros.

177 2559 241 2617 295
284 2550 421 2629 Quando
442 2553 529 2630 velis,
549 2554 613 2634 ito;
636 2554 798 2615 uobiscum
815 2553 872 2617 sed
892 2564 1086 2619 temen-etto

284 2664 378 2729 Istius
401 2661 594 2727 ebdomadae
615 2663 762 2744 spurium.
799 2661 877 2725 Noli
896 2666 987 2746 prius
1004 2665 1063 2742 iro,

132 2844 139 2849 ,
197 2770 207 2792 “
280 2768 383 2847 Quum
404 2784 629 2853 pertractemus
650 2771 728 2855 quid
749 2770 901 2835 mercedis
922 2773 982 2836 tibi
1001 2770 1127 2840 tlemus.

279 2880 382 2944 Nobis
403 2882 529 2945 servisti
551 2903 645 2964 quum
670 2880 869 2945 devotissime
889 2880 996 2949 scisti·

280 2989 354 3053 Non
378 2990 522 3054 oblivisci
544 2989 631 3054 decet
650 2992 684 3053 id
707 3012 783 3071 nos,
803 2989 858 3056 sed
879 2990 1048 3068 reminisci,

176 3107 239 3162 300
282 3101 321 3166 Et
348 3101 407 3164 tibi
426 3100 594 3185 prodesse,
624 3114 655 3166 te
677 3121 770 3182 saepe
792 3101 860 3161 neci
879 3101 1050 3163 utinum
1075 3120 1079 3127 ·

282 3213 348 3275 Pro
371 3234 421 3275 me
442 3234 502 3293 pro
523 3214 642 3294 populo
671 3230 730 3291 pro
751 3223 862 3272 cuncto
882 3206 1159 3297 deniqueregtto?

284 3319 370 3383 Exul
388 3334 419 3383 at
441 3322 571 3383 inclinat
590 3340 695 3398 regem
715 3319 955 3401 meminisseque
971 3296 1086 3400 gaudet
1174 3348 1179 3355 ·

280 3423 357 3502 Ejus
378 3426 507 3502 servitii,
540 3425 648 3505 paucis
668 3425 837 3507 respondet
858 3426 973 3489 stillis
1013 3474 1037 3491 ..
1071 3456 1078 3483 .·

282 3528 386 3606 ‘Quod
407 3533 466 3597 tibi
487 3534 619 3610 servivi,
642 3534 720 3595 mihi
739 3555 834 3617 quom
855 3535 937 3597 bone
967 3530 1156 3599 retribuisti.
1197 3542 1203 3565 ¹

170 3644 240 3709 ,305
259 3628 261 3633 ’
282 3641 354 3705 Huc
377 3656 544 3725 postquam
564 3645 656 3721 veni,
688 3643 741 3724 pis
760 3663 835 3720 rex,
852 3643 924 3707 tibi
943 3664 1057 3727 meque
1072 3644 1200 3727 subegi,

282 3753 403 3814 Pascha
424 3753 485 3817 fuit
504 3766 608 3817 tecum
628 3753 707 3817 milti
728 3774 852 3834 semper
866 3752 1082 3829 cottidianum,

282 3860 415 3941 Semper
425 3863 548 3927 habens
567 3866 701 3927 multum
716 3866 1023 3931 relhonorutnsire
1035 3864 1194 3927 bonorum

282 3973 311 4033 A
332 3984 362 4034 te
382 3990 448 4032 non
471 3973 588 4050 solum,
617 3971 672 4034 scd
703 3966 961 4058 ab'unoquoque
982 3972 1128 4039 tuorum}
1149 4000 1193 4021 ····

279 4080 350 4149 Rex
368 4082 457 4161 jubet
476 4081 598 4146 interes
619 4077 697 4143 licut
715 4095 861 4163 argentes
880 4107 965 4163 ram,
1020 4122 1029 4149 ,-
1059 4108 1072 4127 ··
1102 4126 1108 4133 .
