2640 4650
389 264 698 333 nconutnn
743 260 912 349 ingan

247 499 275 565 0
299 522 394 583 quam
418 501 517 561 felicis
538 500 600 561 huc
622 498 737 559 ominis
758 494 915 559 exiliatis!

247 610 357 688 Diligit
381 610 463 669 lianc
488 622 586 669 artem
611 628 670 668 rex
690 607 750 667 ltac
772 618 803 665 et
824 607 858 665 in
879 616 948 665 arte
970 608 1135 686 peritum.

249 714 401 797 Quisquis
417 715 522 787 habet.
547 712 622 775 dare
636 714 715 796 quit,
732 713 806 796 [qui
821 733 886 774 non
901 714 1000 775 habet
1013 714 1072 777 laic
1086 715 1177 793 dare,

711 821 781 898 dic,
802 814 920 908 quid?]

247 932 281 993 Si
306 954 369 993 nou
394 930 541 1003 cottidie,
562 943 666 990 tamen
690 931 814 993 assidue
836 929 925 992 dabit
945 931 1014 993 itte.

247 1039 431 1122 Xumquam
454 1042 604 1103 sollicitus
628 1041 729 1101 sictds
751 1042 849 1102 luetis
868 1040 922 1101 vel
942 1040 1098 1104 amictus.

249 1147 329 1209 Cum
356 1147 515 1210 donantur
537 1150 566 1208 ei
588 1149 714 1228 pulchri
735 1151 916 1230 celeresque
937 1149 1069 1223 caballi,

247 1258 348 1319 Nobis
374 1271 583 1338 premantur,
606 1278 699 1317 cursu
720 1278 785 1340 quo
806 1278 895 1320 more
915 1259 1116 1337 probentur,

247 1363 309 1440 Qui
336 1368 469 1428 celeret
492 1367 590 1428 facilis
613 1379 659 1426 cst
682 1388 739 1427 nec
761 1364 901 1451 gyrando
923 1366 1071 1428 rebellis.
1170 1392 1177 1399 ·

248 1475 304 1535 Est
327 1478 376 1535 cui
400 1478 535 1536 maxime
560 1489 634 1537 tunc
656 1498 755 1558 opus,
777 1478 825 1537 illi
845 1476 945 1538 donat
965 1488 999 1536 et
1019 1477 1135 1541 iliram.

248 1584 384 1664 Propter
392 1598 421 1644 ct
431 1606 587 1647 annonam
599 1607 769 1667 numquam
779 1604 941 1645 nummum
951 1581 1045 1645 dabis
1053 1608 1183 1671 unum3

247 1693 328 1753 Natu
353 1696 420 1754 sine
442 1714 589 1754 mensura
612 1694 740 1755 dabitur
761 1696 831 1768 tibi,
852 1691 929 1754 dum
951 1694 1063 1773 cupis,
1086 1698 1163 1759 itta.

246 1798 296 1859 Ad
318 1820 456 1859 mensam
481 1801 610 1861 comites
636 1804 873 1880 superexaltans
894 1792 1112 1881 locupletes,=

248 1908 334 1971 Dum
357 1910 544 1971 convivatur
566 1911 731 1972 uobiscum
754 1911 850 1973 lando
869 1915 1002 1987 iocatur.

248 2019 436 2100 Appositum
459 2018 610 2102 quicquid
633 2021 771 2082 melioris
795 2021 853 2081 erit
876 2020 954 2097 sibi,
976 2018 1087 2097 mittit,

247 2126 284 2189 ld
310 2128 427 2192 iaciens
450 2131 559 2207 nobis,
582 2131 769 2212 plusquam
789 2125 959 2203 mercedis,
978 2127 1135 2195 honoris.

248 2237 284 2299 Si
303 2238 400 2301 libeat
424 2259 494 2301 cum
518 2260 568 2300 me
589 2251 619 2301 te
641 2238 739 2300 fidum
761 2237 864 2300 ioedus
884 2240 977 2315 inire,

248 2344 365 2409 Danda
386 2347 480 2410 fidem
502 2360 626 2412 nostras
646 2355 811 2429 jungamus
832 2345 951 2409 foedere
972 2343 1117 2427 dextras,

145 2462 206 2517 110
251 2455 381 2537 Separat
403 2471 438 2519 ut
460 2458 504 2518 nil
525 2478 583 2520 uos
606 2456 768 2531 dumtaxat
787 2478 893 2519 amara
914 2456 976 2517 nisi
998 2476 1099 2521 mota.

255 2566 360 2628 Simus
383 2569 594 2650 ubicumque,
612 2589 663 2628 res
684 2570 866 2631 alterutrius
889 2579 1022 2650 uterque

251 2672 303 2737 stc
324 2689 393 2755 agat
417 2689 449 2736 ut
472 2676 637 2759 proprias,
662 2678 773 2740 melius
794 2673 898 2759 siquid
922 2688 1016 2759 queat
1034 2676 1130 2743 illus!

254 2864 373 2972 Exul,
397 2907 464 2957 tum
489 2892 614 2956 demum
634 2890 735 2956 fidens
756 2890 834 2968 sibi,
863 2892 944 2956 dixit
966 2890 1006 2954 ad
1028 2892 1139 2959 illum:

252 3007 308 3071 Sat
329 3008 423 3088 mihi,
444 3006 570 3087 domne,
591 3023 680 3071 tuum
703 3004 841 3069 declaras
861 3009 941 3070 velle
962 3008 1150 3088 benignum,

146 3126 208 3184 115
255 3119 493 3204 Consiliumque
517 3133 605 3181 tuum
628 3139 691 3180 nou
713 3116 833 3179 aescimo
855 3115 1171 3199 transgrediendum

251 3230 396 3312 Namque
421 3248 507 3290 meas
530 3246 657 3301 causas,
680 3239 715 3287 ut
737 3240 830 3304 sum,
851 3239 885 3288 tu
907 3227 1093 3290 coniciebas.

253 3335 336 3396 Hinc
356 3347 480 3416 pactum
502 3333 576 3396 fidei
596 3336 701 3415 placet
724 3334 807 3394 iuter
829 3355 887 3397 nos
908 3331 1059 3396 stabiliri.²

180 3484 190 3501 .
250 3440 367 3505 Danda
389 3444 452 3505 sibi
473 3441 600 3506 dextras
621 3444 668 3504 ibi
688 3442 768 3503 fiunt
790 3463 928 3524 moxque
950 3440 1083 3519 sodales,

30 3552 119 3608 tottb
123 3589 1107 3615 ..................
1158 3598 1168 3614 .

145 3665 208 3721 120
253 3655 368 3723 Oscula
412 3702 793 3726 ........
837 3671 1017 3723 statuuntur
1040 3658 1144 3741 amici,

251 3767 417 3829 Alterutris
438 3765 574 3829 dominis
597 3766 785 3829 famulantes
803 3766 952 3831 cordibus
976 3764 1057 3828 unis.

213 4038 260 4075 vor
278 4025 314 4075 95
332 4017 433 4075 scheint
451 4018 493 4072 elo
512 4034 569 4072 vers
587 4018 655 4073 oben
674 4020 880 4089 angeschnlttsn.

215 4124 268 4181 116
303 4120 345 4175 bei
365 4117 522 4188 conjiciebas
540 4133 581 4171 sm
601 4117 665 4173 raud
683 4117 948 4191 hinzugescluieber:
975 4118 1025 4169 rat.
