2640 4650
380 224 726 348 tovanaota
762 272 941 345 tamn.

479 508 544 572 Cor
569 509 791 575 confirmarent

477 620 582 701 Atque
604 631 763 682 sanarent.

384 736 434 792 13.
478 727 648 809 ‘Delinque
669 740 811 805 maeatae,

477 834 594 912 Soror,
625 837 785 916 querelae:
816 869 819 875 ·

477 938 589 1019 Lupus
613 959 754 1002 amarum

476 1046 551 1110 Non
562 1060 662 1123 ,curat
682 1050 800 1112 fletum.

478 1154 638 1216 Dominus
660 1157 752 1217 aliam

480 1265 580 1327 Dabit
600 1265 659 1326 tibi
680 1264 818 1327 asinam!

548 1474 788 1488 m

431 1658 652 1728 SACERDOS
675 1665 731 1726 ET
753 1664 902 1728 LUPUS.

315 1852 345 1908 1.
388 1810 522 1925 Quibus
543 1841 637 1903 ludna
659 1854 706 1906 est
728 1845 834 1907 animo

383 1949 425 2011 Et
449 1950 596 2028 jocularia
617 1953 731 2030 cantio,

385 2059 456 2122 Hoc
480 2059 644 2123 advertant
665 2059 845 2124 ridiculum.

386 2167 623 2247 Narraboj'non
646 2168 804 2232 ficticium.

316 2289 348 2345 2.
389 2275 542 2339 Sacerdos
564 2282 625 2354 jam
647 2278 786 2341 ruricola

388 2388 498 2448 Aetate
523 2388 582 2447 snb
606 2384 765 2466 decrepita

387 2493 524 2555 Vivebat
546 2513 655 2553 amana
680 2492 821 2574 pecudis,

388 2601 448 2663 Hic
471 2602 555 2664 enim
576 2622 644 2665 moa
669 2615 715 2664 est
735 2603 870 2667 rusticis.

319 2724 350 2780 ³.
393 2712 441 2775 nd
462 2717 550 2790 cujus
572 2714 633 2772 tale
654 2710 793 2774 studium

390 2820 492 2884 Omne
514 2821 646 2901 partiret
669 2819 880 2896 commodum,

390 2930 461 2992 Nisi
482 2926 565 2991 foret
584 2942 648 2991 tam
669 2930 816 3010 proxima

389 3040 556 3122 Luporum
579 3038 674 3099 altrix
694 3038 818 3100 silvula.

321 3152 354 3213 t.
394 3149 438 3210 Hi
458 3144 634 3208 minuentes
656 3166 824 3207 numerum

395 3255 457 3316 Per
480 3260 546 3332 ejus
567 3275 721 3316 summam
742 3274 892 3334 generum

392 3360 481 3421 Dant
503 3360 641 3442 impares
666 3381 707 3422 ex
727 3362 858 3443 paribus¹

327 3508 332 3514 -
394 3466 435 3528 Et
456 3488 548 3547 parea
570 3490 609 3530 ex
631 3468 815 3550 imparibus.

327 3580 359 3636 5.
400 3569 466 3649 Qui
489 3570 598 3635 dolena
620 3575 680 3634 sibi
701 3573 771 3635 fieri

394 3677 628 3741 Detrimentum
649 3680 774 3760 peculii,

397 3783 481 3863 Quia
503 3786 616 3851 diffidit
636 3788 768 3866 viribus,

286 3960 289 3964 ,
398 3897 578 3961 Vindictam
601 3899 724 3981 quaerit
746 3896 875 3958 artibus.

174 4021 427 4038 Μ-

245 4108 270 4171 1,
289 4109 307 4160 4
343 4109 475 4164 Enarrabo
681 4116 741 4179 ³,2
778 4111 872 4181 patiret
