2640 4650
164 285 204 350 ro
288 385 293 394 Ι
490 281 865 350 narraturus.

925 408 1184 450 “,“’“·““-Ἶ··

163 531 225 585 380
243 491 271 576 J
272 543 321 584 am
342 521 489 604 princeps
510 520 606 585 nimia
631 521 830 584 succenditur
852 522 967 586 efferus
988 524 1051 603 ira,

267 631 394 690 Mutant
413 627 561 688 laetitiam
588 629 761 690 moerentia
782 627 877 690 corda
895 631 1054 710 priorem..

265 738 315 799 Ex
336 735 476 799 humeris
500 727 642 799 trabeam
667 735 813 799 discindit
832 737 872 798 ad
892 736 1000 798 infima
1020 749 1137 820 totam3

194 920 197 928 Ἢ
262 846 304 907 llt
325 865 409 906 nune
430 847 492 906 huc
512 846 651 907 animum
671 846 808 922 tristem,
834 866 919 907 nune
942 845 1053 910 dividit
1073 850 1158 912 illuc.

266 955 312 1016 Ac
333 955 420 1020 velut
438 954 563 1016 aeolicis
585 957 731 1016 turbatur
752 975 847 1016 arena
868 955 1032 1036 procellis,

164 1069 225 1126 385
269 1059 319 1123 Sic
339 1060 492 1123 intestinis
511 1080 570 1122 rex
590 1061 722 1123 fluctuat
743 1060 885 1144 undique
908 1063 1007 1144 curis3
1067 1054 1071 1073 ¹

269 1170 311 1232 Et
331 1170 452 1233 varium
474 1181 582 1248 pectus
603 1171 692 1232 vario
716 1171 811 1232 simul
832 1168 888 1233 ore
909 1170 1047 1232 imitatus

270 1276 416 1342 Prodidit
436 1280 576 1341 exterius
598 1278 749 1361 quicquid
769 1282 958 1343 toleraverat
979 1279 1076 1341 intus·
1122 1336 1127 1341 .

268 1391 382 1470 Iraque
405 1407 580 1449 sermonem
603 1388 744 1467 permisit
766 1408 914 1468 promere
935 1389 1071 1451 nullum.

268 1497 341 1578 Ipso
364 1497 482 1577 quippe
501 1493 551 1556 die
572 1510 683 1576 potum
706 1496 826 1559 fastidit
849 1509 1021 1573 atessam,

163 1613 225 1668 390
267 1605 334 1668 Nee
354 1603 507 1687 placidam
529 1605 678 1665 membris
700 1608 805 1685 potuit
827 1605 901 1668 dare
921 1625 997 1666 cura
1018 1603 1164 1686 quietem.

266 1715 412 1796 Namque
427 1715 481 1774 ttbi
495 1733 562 1777 nox
579 1715 673 1775 rebus
686 1719 749 1792 jam
769 1713 947 1796 dempserat
957 1717 1034 1777 'atra
1052 1714 1172 1775 colores
1178 1757 1187 1789 ‚

271 1820 396 1886 Decidit
417 1820 450 1881 in
474 1821 606 1895 lectum,
628 1844 739 1885 verum
761 1843 819 1885 nec
843 1823 962 1885 lumina
984 1823 1103 1899 clausit,

265 1932 452 1993 Nunc'latus
465 1930 498 1991 in
511 1928 657 1992 dextrum
673 1934 788 2011 lultus,
817 1953 901 1994 nunc
913 1933 1010 2016 inque
1023 1931 1193 2009 sinistrum,

270 2043 311 2104 Et
331 2041 429 2104 veluti
446 2041 548 2119 jaculo
570 2053 679 2121 pectus
701 2040 870 2105 transfixus
894 2055 987 2105 acuto

164 2157 224 2212 395
267 2152 419 2232 Palpitat,
439 2162 533 2233 atque
553 2163 646 2232 caput
666 2153 727 2214 hue
748 2163 780 2223 et
800 2172 877 2216 mox
897 2151 1015 2232 jactitat
1036 2152 1126 2226 illuc,

268 2261 315 2322 Et·
329 2258 423 2324 modo
446 2261 609 2322 subrectus
631 2262 734 2323 fulcro
757 2261 944 2326 consederat
966 2281 1085 2325 amens.

267 2370 334 2432 Nec
356 2377 444 2449 juvat
464 2371 542 2448 hoc,
578 2368 704 2432 demum
727 2391 858 2451 surgens
881 2371 1029 2433 discurrit
1048 2370 1082 2429 in
1104 2370 1192 2442 orbe,

269 2481 372 2561 Atque
393 2480 521 2541 thorum
543 2478 672 2543 veniens
697 2481 792 2542 simul
821 2479 921 2559 attigit
942 2490 1036 2561 atque
1053 2476 1190 2556 reliquit.

267 2587 387 2648 Taliter
407 2589 584 2650 insomnem
607 2601 843 2670 consumpserat
860 2586 956 2649 Attila
979 2597 1114 2647 noctem.

103 2744 106 2753 .
165 2696 227 2755 400
270 2694 310 2754 At
328 2697 456 2776 profugi
477 2698 621 2775 comites,
651 2697 830 2780 peramica
853 2694 976 2758 silentia
1001 2705 1128 2768 euntes,

272 2802 453 2886 Suspectam
473 2819 648 2889 properant
668 2820 740 2888 post
761 2818 847 2885 terga
862 2802 1044 2885 relinquere
1066 2814 1192 2864 terram.

238 2885 318 2977 Vix
338 2930 442 2980 tamen
465 2922 567 3001 erupit
589 2939 656 2981 cras
681 2939 739 2980 rex
757 2917 966 3001 patribusque
987 2917 1104 2981 voeatis

273 3026 406 3090 Dixerat
429 3032 465 3092 ‘o
487 3033 512 3092 si
536 3031 629 3113 quis
627 3029 706 3091 mihi
729 3029 945 3093 Waltharium
968 3031 1136 3111 lugientem

164 3188 168 3199 .
269 3138 391 3200 Afferat
414 3140 590 3218 evinctum,
613 3162 669 3202 ceu
692 3162 829 3226 nequam
850 3142 934 3204 lorte
956 3133 1109 3202 liciscam!

165 3248 226 3307 405
271 3244 365 3305 Hunc
387 3266 444 3324 ego
465 3267 542 3309 mox
565 3269 644 3312 auro
665 3251 810 3313 vestirent
834 3268 927 3329 saepe
949 3256 1093 3314 recocto,

269 3353 309 3414 Et
326 3355 438 3417 tellure
459 3354 587 3442 quidem
610 3369 743 3421 stantem
767 3352 935 3417 hincinde
957 3361 1137 3415 onerarem,

218 3586 270 3634 381
288 3583 391 3656 mittant
407 3583 479 3637 Aul)
522 3586 576 3635 335
593 3582 722 3635 fluitetB
739 3568 910 3657 (fluitatrex)
952 3569 1007 3618 333
1027 3561 1191 3616 imitaturc.

165 3679 219 3734 331
236 3675 384 3728 externec.
421 3678 475 3726 383
488 3688 634 3726 sermonem
644 3673 706 3723 dare
716 3683 766 3721 noo
777 3644 969 3732 permiseratl).
1006 3659 1060 3708 390
1071 3655 1193 3722 placitam

166 3782 201 3818 m
222 3767 368 3835 poteratc.
404 3766 477 3818 391·
465 3781 521 3832 Jam
531 3760 711 3816 rebusuoxc.
721 3763 749 3808 et
759 3767 818 3805 cum
833 3764 886 3800 nox
899 3747 1191 3816 terrtsdepresseratn

166 3863 221 3912 394
241 3859 436 3913 transfixum&
471 3860 526 3909 393
545 3855 634 3906 incitet
648 3853 680 3904 3.·
714 3850 768 3899 333
786 3843 924 3909 subreptus
938 3841 970 3896 B.
996 3847 1023 3893 et
1041 3855 1116 3892 mane
1134 3853 1194 3892 snr-

167 3953 306 4006 rectosD
349 3957 403 4004 391
420 3947 527 4001 staec.
553 3939 718 3995 decortltl).
742 3936 857 3989 urbell.
882 3935 1017 3988 terbemc
1028 3935 1059 3987 l).
1068 3932 1104 3984 ll.
1129 3931 1194 3982 orbe

168 4045 200 4096 let
217 4051 394 4109 vermutnngs
408 4055 456 4090 eus
470 4038 493 4088 B
509 4037 586 4086 ketue
600 4047 654 4084 ver.
670 4030 832 4098 angemerkt
873 4031 924 4080 401
942 4025 1096 4081 Exosaml.
1139 4024 1193 4076 sot
1216 4095 1228 4116 ο

168 4136 281 4187 Afferret
300 4136 321 4190 l.
378 4134 431 4186 403
446 4106 536 4180 ‘estate
554 4122 614 4178 ltine
631 4126 759 4192 atquec.
