2640 4650
490 299 865 370 WAL'l'HARlUS.
1145 299 1184 365 st
1268 300 1272 308 “

271 537 357 598 Haec
379 533 438 612 ait,
469 545 500 594 et
523 544 633 592 notum
658 530 768 609 vagina
791 530 898 610 diripit
923 551 1038 592 ensem.

272 647 360 705 luter
381 663 414 703 se
436 640 530 704 variis
552 652 706 700 terrarum
728 639 872 718 partibus
894 639 971 714 orti,

273 751 483 812 Concurrunt.
516 747 635 826 stupuit
653 746 797 822 Vosegus
815 745 891 803 haec
912 745 1056 824 fulmina,
1076 758 1103 807 et
1119 769 1187 809 ecce

269 860 372 920 limbo
397 857 546 918 sublimes
568 852 678 913 animis
701 873 736 912 ac
760 850 930 930 grandibus
953 853 1062 928 armis,

164 975 224 1030 825
268 969 328 1029 Hic
351 965 455 1048 gladio
477 963 594 1037 fidens,
626 961 676 1022 bic
697 981 769 1020 acer
793 971 824 1020 et
846 959 963 1022 arduus
985 963 1087 1038 hasta,

265 1079 406 1138 laterae
429 1075 526 1136 multa
550 1093 584 1132 ac
597 1068 711 1134 ,valida
736 1069 768 1130 vi
792 1066 913 1147 proelia
937 1070 1076 1128 miscent.

266 1186 342 1249 Non
365 1184 408 1245 sic
431 1185 519 1262 nigra
539 1193 628 1242 sonat
651 1196 798 1258 percussa
819 1177 978 1237 securibus
995 1164 1075 1255 ileu,
1112 1259 1114 1261 ι

269 1291 314 1350 Ut
339 1289 414 1351 dant
434 1289 566 1349 tinnitus
589 1287 710 1364 galeae,
739 1283 893 1364 clipeique
912 1284 1074 1346 resultant.

269 1397 426 1456 Mirantur
446 1393 578 1466 Franci,
599 1391 685 1474 quod
707 1413 771 1454 non
794 1393 972 1451 lassesceret
994 1391 1087 1452 heros

165 1509 228 1562 830
272 1484 497 1578 Waltllarius,
515 1501 566 1561 cui
587 1502 673 1562 nulla
694 1501 781 1582 quies
803 1476 977 1579 spatiumve
1000 1497 1143 1562 dabatur.

269 1613 388 1673 Emicat
412 1612 478 1688 hic,
507 1610 635 1692 impune
657 1622 787 1691 putans,
808 1613 869 1686 jam
892 1609 1126 1670 wormatiensis

260 1713 355 1797 ‘Atte,
385 1732 415 1780 et
436 1720 559 1781 sublato
582 1718 739 1797 consurgit
761 1716 900 1780 fervidus
926 1737 1017 1793 ense,

265 1829 336 1891 Hoc
357 1829 419 1890 ictu
444 1849 622 1892 memorans
642 1839 739 1889 semet
758 1825 847 1886 finire
874 1825 1023 1887 duellum.
1115 1808 1119 1820 ¹

266 1929 422 2001 Providus
447 1923 620 2014 at'jttvenis
644 1937 807 1997 ferientem
831 1932 958 2014 cuspide
980 1933 1088 1997 adacta

160 2053 221 2107 885
246 2028 448 2125 1Ιιιιεενεορίῐ,
473 2059 503 2106 et
523 2047 665 2124 ignarum
689 2043 842 2103 dimittere
867 2044 984 2103 ferrum

267 2151 424 2229 Cogebat.
453 2153 564 2228 procul
586 2151 618 2210 in
642 2148 743 2214 dumis
764 2146 956 2228 resplenduit
976 2155 1077 2216 ensis.

265 2260 341 2336 Hic,
368 2257 423 2320 ubi
445 2279 477 2319 se
501 2257 603 2338 gladio
625 2257 792 2340 spoliatum
814 2255 894 2321 vidit
914 2261 1028 2336 amico,
1069 2272 1073 2277 ’

264 2367 443 2430 Accelerare
466 2368 569 2447 fugam
592 2368 780 2450 fruticesque
804 2369 931 2430 volebat
951 2367 1071 2434 adire.··

264 2475 465 2557 Alpharides,
486 2478 583 2541 fretus
604 2477 917 2562 pedibus-viridique
936 2458 1080 2558 tavena,

158 2588 220 2648 840
262 2587 441 2669 Insequitur
463 2587 569 2650 dicens
598 2590 749 2672 ‘quonam
772 2585 877 2668 sugis?
907 2590 1011 2671 accipe
1039 2596 1180 2654 scutum.²

261 2695 312 2758 Sic
333 2697 392 2774 ait,
422 2711 515 2780 atque
538 2699 659 2760 hastam
680 2699 826 2760 manibus
848 2701 932 2762 levat
954 2702 1040 2762 ocius
1064 2705 1179 2780 ambis,

259 2804 299 2865 Et
321 2806 403 2866 ferit.
447 2808 503 2867 llle
532 2806 629 2885 cadit,
661 2807 778 2887 clipeus
801 2809 1018 2888 superintonat
1037 2811 1157 2888 ingena.

187 2949 196 2961 s
263 2912 329 2972 Nec
350 2911 450 2973 tardat
469 2915 611 2990 juvenis3
641 2913 721 2993 pede
743 2916 857 2976 collum
878 2917 1007 2994 pressit,
1040 2931 1069 2979 et
1090 2919 1178 2982 hasta

225 3002 229 3007 ¹
260 3019 421 3078 Divellens
443 3042 596 3098 parmam.
604 3021 710 3079 telluri
734 3021 880 3081 infixerat
901 3023 1000 3081 illum.

156 3124 217 3184 845
261 3124 331 3206 lpse
357 3126 463 3185 oculos
485 3136 610 3186 vertens
634 3125 767 3184 animam
790 3125 927 3186 sufflavit
947 3129 981 3187 in
1003 3148 1104 3190 auras.

260 3231 375 3293 Sextus
389 3245 453 3293 erat
466 3229 623 3296 Patavrid.
641 3252 732 3294 soror
744 3234 828 3294 hunc
838 3245 985 3313 germana
994 3235 1175 3315 Haganonis

255 3339 391 3400 Protulit
412 3339 451 3401 ad
472 3342 584 3405 lucem.
617 3361 710 3422 quem
733 3339 807 3402 dum
829 3341 999 3424 procedere
1022 3343 1114 3423 vidit,

256 3447 395 3509 Vocibus
418 3461 447 3509 et
469 3449 613 3529 precibus
636 3463 768 3512 conatur
791 3453 967 3513 avunculus
987 3450 1060 3514 inde

257 3555 406 3632 Flectere,
419 3559 622 3636 proclamans
636 3560 783 3640 ‘quonam
797 3556 887 3640 ruis?
909 3560 1012 3639 aspice
1030 3575 1170 3642 mortem,

149 3667 211 3720 850
255 3658 412 3734 ‘Qualiter
433 3659 565 3723 arridet!
596 3662 719 3726 desiste.
758 3687 797 3725 en
822 3666 932 3726 ultima
949 3667 1064 3727 Parcae

256 3767 324 3828 Fila
345 3771 461 3848 legunt.
504 3791 522 3832 ο
545 3791 614 3831 care
636 3792 750 3851 nepos,
774 3784 804 3833 te
828 3792 916 3833 mens
938 3784 992 3834 tua
1014 3776 1102 3837 fallit.

215 4019 268 4081 ⁸2³
288 4031 401 4082 oosegus
420 4018 450 4068 B.
477 4024 505 4069 et
523 4019 589 4070 ictos
606 4018 639 4069 Β.
685 4022 739 4071 sot
757 4034 809 4071 oon
826 4020 865 4072 stc
881 4018 955 4084 nigra
972 4018 1024 4070 ilex
1042 4032 1165 4086 percussa

143 4106 277 4160 cornubus
296 4114 373 4159 conat
390 4112 421 4161 Δ.
477 4112 530 4161 883
550 4108 591 4162 bic
605 4110 640 4178 8.
694 4112 747 4162 845
767 4123 855 4161 comm
876 4111 906 4160 Α.
