2640 4650
492 261 716 332 bulbos,

99 388 361 398 *off—u·—

314 496 521 558 Ructatricem
545 499 695 578 pecuniae

316 605 440 669 Certent
463 627 553 667 mane
584 606 754 688 requirere.

197 725 265 782 153.
309 719 497 778 ‘lomentum
520 727 660 796 praesta,
691 715 851 794 presbiter,

312 832 361 893 Ex
384 852 446 892 una
472 843 562 894 nocte
585 832 724 912 locuples

310 941 455 1002 blanebis
479 943 727 1022 omnitempore

310 1050 522 1113 Nummorum
544 1048 764 1110 multitudine.¹

258 1205 265 1223 .
309 1158 441 1220 ‘Dedaut
465 1178 594 1239 equam,
622 1159 819 1239 praeposite‚’

307 1265 393 1327 Dicit
415 1249 560 1328 sacerdos
582 1267 695 1347 lepide,

311 1373 541 1457 ‘Intempestive
565 1371 697 1433 reddere

313 1482 435 1562 Equam
458 1501 508 1542 me
528 1483 611 1562 cogis
632 1481 736 1544 bodie.

251 1634 260 1653 .
284 1571 447 1651 'Aurorae
469 1566 644 1670 galllclliio.
674 1600 676 1605 ’

307 1698 462 1759 Exierunt
490 1701 530 1759 ab
555 1709 643 1762 utero

305 1803 398 1865 Male·
410 1805 490 1865 cocti
512 1803 633 1864 denarii

305 1914 458 1974 Recentes
479 1913 662 1974 hordeacei.²

260 2018 391 2079 .·Cum
422 2021 541 2097 magnis
568 2020 775 2100 potestatibus

309 2126 432 2209 Equam
454 2123 539 2188 ducit
559 2128 768 2210 praepositus,

307 2236 394 2301 ldetit
415 2252 519 2300 tamen
543 2238 629 2321 quod
653 2240 806 2321 presbiter

307 2349 437 2410 Praeter
455 2349 607 2410 minutam
630 2349 777 2431 possidet.

256 2501 264 2519 .
305 2458 485 2520 lomentum
505 2469 597 2521 nocte
618 2462 708 2521 tertia

305 2568 411 2644 Major
431 2564 546 2630 claudit
569 2565 662 2628 domo
684 2588 749 2641 sua,

301 2676 497 2755 Repertnrus
526 2674 663 2736 diluculo

304 2781 398 2856 Quod
418 2783 535 2842 serebat
557 2784 590 2842 in
613 2784 727 2860 angulo

256 2937 262 2953 .
308 2889 450 2952 Comedit
476 2888 684 2952 hordeaceum
735 2924 737 2928 ι

303 2998 394 3081 Equa
415 3000 588 3063 communis
609 3003 772 3081 pabulum,

303 3105 391 3184 Quae
414 3121 532 3171 stercus
553 3110 772 3172 foetorilerum

302 3218 399 3281 Horis
421 3219 563 3299 concepit
583 3221 734 3280 noctium.

252 3372 259 3388 .
304 3312 387 3402 Quid
409 3330 447 3388 sit
471 3329 609 3389 lecturus
639 3327 752 3390 unibos

302 3435 421 3498 Contra
434 3450 614 3499 commotos
633 3441 782 3512 aenmlos,

306 3544 478 3608 Meditatur
499 3548 531 3606 in
553 3547 667 3608 lectulo
718 3599 723 3608 .

307 3655 479 3735 Frequeuti
502 3677 572 3716 cum
594 3652 739 3735 suspirio.

185 3766 256 3823 160.
299 3760 500 3823 Conveniunt
520 3781 589 3821 cum
611 3758 737 3821 turbine

304 3868 432 3932 ferrata
454 3882 515 3932 tres
540 3870 574 3930 in
597 3869 671 3946 acie,

79 4010 358 4026 ———·--

151 4099 211 4161 158,
230 4102 242 4151 l
263 4103 446 4169 potentatibus.
