2640 4650
329 228 646 353 uuonntnn‘
679 213 879 358 uagum
937 298 944 303 -
1048 269 1110 335 ue

153 493 155 496 ¹
176 509 213 568 ln
227 509 323 585 'cujus
345 526 458 587 parma,
474 505 613 568 victricia
632 518 665 567 tu
688 507 769 587 geris
792 526 889 582 arma,

178 620 234 678 llle
255 620 312 680 tibi
331 615 435 689 luridis
459 629 506 693 eet
522 629 659 697 praestet
682 629 712 677 et
743 604 845 681 omnis
865 617 1006 679 honoris.

179 726 252 787 Nou
270 747 350 807 opus
373 739 418 788 est
438 725 511 787 hinc
533 737 564 788 te
586 723 715 788 lucidare
742 725 792 788 vel
819 722 1017 804 amplificare.

97 843 137 897 50
182 838 290 899 Virtus
315 852 345 899 et
364 837 464 917 pietas
489 834 580 895 nimie
605 846 635 894 ct
664 847 717 896 tua
738 834 823 912 larga
846 835 990 897 voluutas

182 941 339 1018 Omnibus.
360 945 466 1006 iuvi-tis
490 945 651 1005 cumulant
673 942 731 1004 tibi
760 939 899 1023 proemia
918 937 1029 1001 laudis.

177 1055 312 1135 Ipsemet
334 1068 428 1135 atque
456 1055 517 1114 mei
539 1052 596 1115 tibi
619 1051 768 1114 debemus
791 1051 960 1135 famulari

179 1164 222 1242 Ut
246 1166 329 1225 bello
355 1163 427 1224 victi
450 1163 630 1242 vexilloque
654 1160 791 1221 eriberti?
810 1191 854 1204 -—

178 1269 247 1328 Rex
270 1270 328 1331 eit:
359 1270 429 1332 ‘hoc
452 1267 544 1343 absit,
567 1287 622 1346 ego
646 1246 733 1326 dum
749 1265 862 1341 vivam,
885 1284 988 1345 neque
1011 1263 1073 1341 fiet,

99 1381 138 1436 55
182 1375 226 1435 Ut
250 1376 308 1436 tibi
331 1375 406 1456 quid
432 1374 510 1452 juris
525 1377 587 1459 'ortt
609 1374 811 1434 adminuetur
831 1372 972 1435 honoris.

71 1493 73 1504 ·
181 1482 223 1543 Es
244 1502 302 1542 rex
324 1483 402 1542 sicut
431 1502 505 1561 ego,
536 1482 666 1550 tibime
688 1481 991 1562 praeponere-noto.

177 1590 323 1668 Ejusdem
346 1590 424 1669 juris
447 1609 489 1667 es,
509 1595 596 1668 cujus
616 1613 701 1669 sum,
732 1593 783 1655 vel
803 1592 947 1653 honoris·-

179 1696 229 1762 Ob
252 1700 339 1782 quod
362 1701 504 1760 venimus
527 1700 588 1760 huc
607 1698 720 1778 modo,
741 1699 940 1781 perficiamus
960 1699 992 1782 id
1014 1701 1092 1766 istic.

180 1809 293 1891 Tuque
315 1822 386 1871 tuoe
408 1809 529 1890 recipe,
551 1809 604 1886 red
628 1807 695 1873 uon‘
717 1810 785 1872 eine
808 1810 920 1892 quovis
944 1812 1089 1877 honore!

98 1919 139 1975 60
184 1914 235 1977 Sic
259 1915 364 1978 dicens
387 1918 530 1981 comitem
550 1918 648 1996 regali
670 1930 755 1979 veste
778 1916 928 1978 nitentem

183 2023 333 2086 Reddidit
354 2015 514 2101 armatum
531 2026 627 2087 veluti
649 2027 766 2086 bellare
788 2039 943 2106 peratum,

187 2130 286 2208 [Sicut
317 2145 478 2212 captorum
501 2134 640 2212 nullum]
671 2131 828 2212 reddebat,
846 2151 967 2206 eorum,
1068 2199 1070 2203 ¹

184 2236 269 2312 Quin
292 2241 377 2302 foret
397 2252 549 2318 euitatus,
570 2242 621 2305 vel
644 2253 727 2304 veste
745 2234 891 2314 decenter
922 2239 1061 2304 amictus.

183 2350 259 2410 Post
282 2348 341 2410 eit:
362 2348 423 2425 ‘hi,
446 2370 520 2426 rex,
543 2363 614 2412 eunt
630 2371 709 2434 quos
730 2351 836 2414 vivere
858 2350 922 2413 sate
940 2352 1094 2430 sinebant,
1117 2372 1160 2429 fol,
1172 2377 1229 2428 10⁸.

100 2463 141 2518 65
186 2453 248 2532 Qui
271 2477 335 2519 uon
359 2459 506 2534 humane,
530 2456 603 2520 dum
625 2460 717 2523 nobie
739 2462 953 2541 praevaluere,

184 2564 252 2630 Nos
273 2577 408 2629 tractant
431 2567 520 2646 igne,
542 2567 658 2649 praeda
680 2569 730 2631 vel
754 2565 846 2631 coede
869 2569 1021 2649 maligne3

88 2731 91 2736 .
186 2672 329 2750 Qualiter
351 2687 478 2739 econtra
499 2689 662 2740 tractarem
685 2698 765 2760 quoe
785 2677 853 2740 vice
873 2698 974 2756 versa,

182 2787 341 2867 Praecipe,
364 2805 427 2868 quo
445 2783 551 2846 dicunt
567 2785 633 2859 tibi,
651 2783 778 2868 quando
797 2782 1118 2853 domumremearint.
1207 2767 1208 2770 Ἴ

182 2893 278 2955 Nunc
300 2915 333 2956 ee
357 2890 547 2956 concordent
568 2907 597 2954 et
618 2893 699 2969 sint,
723 2895 811 2957 velut
832 2907 903 2958 ante
924 2896 1061 2975 suerunt,

96 3010 137 3062 to
181 3000 280 3060 Firmi
301 3005 475 3080 compatres
495 2999 623 3080 posthac
645 2987 763 3082 fidique
796 2998 939 3080 sodates)

181 3104 253 3180 Quo
274 3107 355 3167 tacto
381 3125 494 3187 nempe
517 3128 581 3188 pax
602 3108 785 3170 firmabatur
813 3109 972 3192 utrimque
1029 3166 1035 3174 .

180 3216 241 3276 Per
260 3219 472 3292 jurameutum
498 3217 635 3277 nemrim
657 3191 781 3299 penitus
809 3215 1036 3284 temerandum.

178 3325 269 3387 Tunc
292 3325 385 3386 ambo
412 3345 500 3404 reges
521 3323 656 3388 redeunt
679 3325 717 3389 ed
742 3325 927 3408 popinones,

180 3433 323 3518 Cumque
346 3434 410 3497 suis
428 3433 599 3530 prandent.
642 3437 691 3500 lbi
711 3433 839 3516 grandia
864 3438 976 3518 gaudie
996 3438 1087 3502 fiunt.

96 3549 134 3606 75
181 3543 304 3608 Gaudet
325 3543 476 3627 quisque,
497 3566 574 3609 euue
603 3548 708 3610 salvus
730 3544 824 3609 rediit
847 3548 933 3631 quod
955 3551 1082 3614 amicus.
1108 3591 1115 3598 -

177 3652 288 3714 Mensa
310 3653 434 3714 sublate
457 3653 629 3737 disponunt
651 3656 789 3739 plurimo
808 3652 904 3735 done,
1160 3639 1168 3652 ⁵

180 3756 268 3831 Quae
292 3757 358 3839 regi
385 3756 501 3821 dentur
520 3765 573 3824 vel
595 3762 657 3840 eie,
690 3765 776 3826 hunc
802 3761 857 3848 qui
879 3765 1075 3827 comitentur.

65 3885 72 3892 ·
180 3867 260 3927 Auri
281 3868 451 3949 quingente
478 3869 544 3948 regi
565 3868 712 3934 donanda
748 3873 873 3950 talentu,

181 3975 314 4054 Insuper
335 3987 497 4055 argentum
517 3980 650 4041 multum
673 3975 724 4045 vel
745 3980 840 4063 pallio
869 3993 1002 4053 centum,

63 4142 65 4149 Α
97 4089 138 4143 80
183 4081 317 4146 Centum
337 4081 471 4160 loricae,
491 4084 622 4151 totidem
645 4093 749 4171 galeae
772 4091 966 4174 chalybinae,
