2640 4650
477 303 854 372 wlnrfllutus
1133 311 1177 376 47

280 539 394 620 Deque
418 537 480 597 tuis
501 534 647 595 manibus
665 533 792 597 caedem
812 537 963 620 perquiro
988 532 1122 620 nepotis.

275 647 325 707 En
350 659 405 708 aut
429 656 562 725 oppeto,
600 644 665 705 sive
689 645 808 727 aliquid
830 647 1033 707 memorabile
1054 650 1149 712 faxo!

149 761 233 816 1280
276 755 383 835 Dixit;
416 767 446 816 et
468 774 486 814 a
508 765 595 830 tergo
619 756 698 814 saltu
719 773 752 814 se
772 756 844 830 jecit
867 757 1001 838 equino,

274 866 343 927 Hoc
366 876 396 924 et
416 863 627 939 Gunthsrius‚
660 885 716 924 nec
738 863 861 943 segnior
883 877 986 943 egerat
1008 866 1101 926 heros
1167 872 1169 876 ’

274 972 493 1049 Waltlterius,
511 973 619 1048 ‚crrncti
641 970 762 1052 pedites
785 972 1034 1052 bellereparnti.

273 1082 382 1144 Stubut
404 1083 555 1164 quisque,
586 1103 621 1142 ac
637 1094 771 1143 venturo
794 1103 826 1142 se
848 1080 999 1162 providus
1022 1083 1087 1144 ictu

271 1192 483 1266 Praestruxit,
516 1190 673 1272 trepidant
694 1193 753 1252 sub
780 1192 871 1271 peltis
893 1193 1001 1255 martin
1021 1195 1173 1279 membra·

147 1306 230 1362 1285
273 1301 362 1362 Hora
383 1298 519 1362 secunda
540 1301 685 1381 fuit‘qua
707 1314 770 1360 tres
792 1301 827 1360 hi
852 1298 1114 1376 congrediuntur3

275 1405 435 1471 Adversus
457 1407 559 1467 solum
583 1407 764 1486 conspirant
789 1427 876 1468 arma
898 1406 1047 1470 duorum.

272 1515 397 1577 Primus
420 1504 598 1594 moligeram
624 1517 759 1578 collectis
781 1516 902 1579 viribus
923 1520 1043 1623 blastum

269 1625 395 1688 Direxit
414 1626 562 1705 Hagano,
592 1625 716 1707 dirupta
738 1647 825 1706 pace.
868 1624 1028 1689 sedilium

270 1733 412 1794 Turbine
435 1734 624 1811 terribilem,
658 1747 745 1797 tanto
763 1749 793 1797 et
813 1733 946 1797 stridore
968 1737 1126 1801 volantem

144 1847 227 1904 1290
268 1841 455 1926 Alpharides
477 1859 573 1907 semet
598 1837 728 1907 cernens
753 1848 887 1907 tolerare
906 1848 1055 1928 nequire,

269 1951 385 2016 Sollers
404 1954 524 2034 obliqui
548 1953 661 2015 delusit
681 1956 815 2032 tegmine
840 1954 928 2018 scuti.

268 2059 349 2121 Nam
372 2062 501 2122 veniens
526 2061 626 2140 clipeo
648 2061 691 2119 sic
714 2074 759 2120 est
781 2081 838 2122 cen
854 2079 1010 2120 marmore
1034 2060 1115 2121 laevi
1169 2090 1172 2094 ·

270 2165 427 2237 Excussa,
457 2174 486 2220 et
509 2165 618 2222 collem
642 2165 845 2223 vehementer
865 2162 999 2240 sauciat,
1026 2182 1126 2245 usque

270 2268 319 2330 Ad
342 2269 564 2332 clavosinfixa
586 2273 665 2333 solo.
708 2271 799 2333 Tunc
820 2282 945 2351 pectore
966 2293 1098 2353 magno,

144 2383 226 2440 1295
272 2377 333 2440 Sed
357 2376 478 2443 modico
500 2377 550 2456 vi,
583 2379 760 2441 fraxineum
783 2381 893 2442 hastile
914 2387 1069 2464 superbus

268 2485 346 2549 Jecit
367 2485 575 2566 Guntlterins‚
599 2490 733 2551 volitans
756 2489 843 2572 quod
862 2489 1002 2552 adhaesit
1024 2492 1056 2553 in
1078 2494 1141 2556 ima

269 2596 439 2657 Woltlrarii
460 2619 586 2677 parma,
617 2609 711 2680 quam
733 2621 809 2662 mox
829 2598 902 2660 dum
928 2603 1063 2663 concutit
1084 2603 1162 2684 ipse,

265 2704 390 2766 Excidit
413 2708 561 2785 ignavum
585 2709 662 2787 ligni
684 2707 722 2770 de
745 2711 875 2771 vulnere
899 2710 1027 2784 ferrum.

266 2804 379 2877 Omine
402 2836 466 2896 quo
488 2819 601 2878 moesti
630 2820 762 2881 confuso
785 2831 911 2899 pectore
934 2818 1049 2895 Franci

45 2940 48 2946 ·
141 2925 224 2980 1300
265 2924 345 2984 Mox
367 2920 640 3002 stringunteoies,
662 2925 754 2989 dolor
776 2940 821 2990 est
837 2948 1004 2992 conversus
1018 2928 1057 2990 ad
1072 2930 1161 3008 irem,

268 3029 308 3089 Et
328 3030 401 3092 tecti
422 3033 528 3110 clipeis
550 3034 744 3113 Aquilonum
768 3035 916 3098 invadere
942 3051 1071 3100 certent.

268 3135 444 3200 Strennuus
467 3140 520 3199 ille
542 3151 645 3201 tamen
668 3142 700 3204 vi
722 3142 857 3223 cuspidis
880 3147 999 3226 expulit
1019 3148 1107 3226 illos,

266 3248 368 3328 Atque
389 3248 586 3311 incursantes
609 3253 699 3314 vultu
719 3255 858 3317 terrebat
880 3268 909 3322 et
929 3258 1035 3318 armis.

187 3380 190 3385 ·
262 3352 321 3416 Hic
343 3377 401 3418 rex
424 3357 618 3424 Guntharius
640 3375 784 3443 coeptum
804 3361 971 3426 meditatur
990 3367 1148 3447 ineptum,

138 3470 220 3525 1305
260 3465 383 3530 Scilicet
404 3482 440 3532 nt
459 3475 571 3549 jactam
594 3475 698 3535 subito
722 3488 888 3559 terraeque
910 3480 1083 3558 relapsam,

140 3591 416 3608 -η--η--η

209 3674 275 3724 1281
295 3676 382 3728 euenit
399 3677 476 3730 Α.Β.
525 3681 592 3730 1281
614 3677 656 3731 hic
673 3678 704 3732 0.
757 3679 827 3730 1284
845 3677 997 3744 perstrinxit
1016 3677 1064 3728 sub
1083 3677 1157 3744 penis

134 3759 190 3826 (nm
207 3763 300 3818 rende:
325 3767 374 3819 snb
392 3769 514 3838 pectore)
535 3770 568 3822 D.
624 3773 693 3820 1286
717 3768 855 3821 aduersum
874 3770 905 3823 A.
923 3768 955 3821 0.
1011 3772 1080 3819 1281
1100 3783 1157 3819 ms-

132 3852 229 3918 llgunm
248 3855 281 3908 1).
310 3860 465 3925 mallgenam
486 3862 516 3913 ll.
532 3860 564 3914 0.
621 3864 690 3911 1288
709 3860 825 3928 disrupte
844 3860 875 3914 B.
930 3863 998 3911 1291
1022 3859 1104 3911 secuti
1121 3859 1155 3911 Β.

132 3943 215 3995 solers
232 3943 336 4012 oblique
354 3949 385 4002 l).
440 3954 510 4003 1295
529 3951 725 4018 fraxineumque
746 3954 777 4004 A.
792 3950 826 4003 Ε.
877 3955 947 4004 1291
967 3951 1026 4016 quin
1044 3949 1155 4005 mcxl).

133 4034 205 4083 1800
223 4033 275 4085 ires
293 4036 323 4087 c.
380 4044 446 4092 1301
467 4058 497 4095 sc
516 4043 579 4094 tecti
596 4043 629 4096 1).
678 4047 749 4095 1302
766 4049 885 4096 strenuus
905 4043 937 4097 B.
984 4045 1154 4108 180400111-

132 4136 209 4188 qnam
229 4123 259 4174 c.
949 4156 957 4166 =
1171 4124 1179 4132 ⁸
