2640 4650
1083 337 1185 383 ιιιιιι
1289 393 1292 396 ,

973 435 1182 450 „mmmm-.-

204 545 243 600 12
288 533 420 620 Optant
442 543 529 603 illum
563 545 700 624 populus
724 541 906 624 pontificem
929 554 958 603 et
987 545 1098 621 clerus,

284 650 553 725 Quissacrsudum
564 651 976 735 proprinmlohannemdat
987 651 1183 737 discipulum,

284 761 367 824 Hinc
400 784 540 844 superno
565 767 692 825 numine
720 765 752 824 in
776 763 892 825 montis
916 774 1000 824 stans
1025 771 1183 831 cacumine

282 868 439 950 Spiritum.
459 872 580 933 ab'batis
602 871 772 934 locandum
801 892 871 932 curu
897 871 995 932 beatis

282 977 307 1036 E
330 992 499 1058 conspectu
521 992 603 1060 terre
632 981 758 1058 angelos
780 977 868 1040 uidet
888 977 982 1068 ferre.

199 1098 239 1155 13
282 1059 418 1151 Uotum
441 1111 517 1152 mox
537 1091 704 1153 inhibitum
730 1103 803 1172 post
823 1086 1022 1171 panis-litat
1053 1089 1172 1152 obitum

284 1197 407 1262 Gaudet
428 1201 512 1280 pisce
536 1221 647 1279 magno
672 1213 799 1282 petroso
835 1209 926 1278 capto
949 1208 1088 1276 stagno,-

284 1309 421 1368 Trabem
446 1309 624 1370 breuiorem
647 1309 701 1368 dat
720 1329 814 1388 prece
841 1304 1027 1384 longiorem,

286 1414 392 1490 Pergit
416 1412 491 1473 hine
516 1412 555 1472 ad
578 1427 713 1475 castrum
734 1417 774 1474 ob
799 1414 985 1474 Micltahelis
1005 1414 1129 1496 festum,

281 1518 353 1596 Egit
373 1518 482 1580 missas
505 1537 612 1595 more,
634 1517 763 1598 spiritus
785 1529 873 1578 tonat
894 1520 933 1579 ab
961 1536 1025 1580 ore.

201 1616 258 1687 14Ι
282 1600 427 1708 Egrotat
447 1629 480 1688 in
504 1641 606 1691 castro
629 1630 744 1690 electus
767 1627 826 1691 deo
853 1641 971 1705 nostro,

1174 1144 1183 1176 7

280 1741 354 1803 Post
364 1742 482 1817 fletum,
501 1755 573 1822 post
583 1746 730 1823 gemitum
746 1743 919 1822 defungens
931 1743 1014 1806 efflat
1026 1745 1181 1828 spiritum,

281 1849 439 1910 Michahel
462 1848 562 1913 fidelis
581 1853 698 1914 locauit
719 1854 804 1914 huno
825 1855 857 1913 in
881 1852 963 1932 selis,

264 1958 425 2020 'Accurrit
446 1959 611 2040 episcopus
634 1962 713 2021 flens
736 1961 774 2021 ad
797 1959 938 2037 magistri
958 1980 1082 2042 corpus.

282 2067 402 2145 caligas
425 2068 492 2128 eius
513 2067 616 2128 induit
639 2067 766 2128 claudus
787 2079 817 2126 et
840 2066 950 2126 exiliit.

199 2185 250 2244 15.
284 2156 418 2258 Corpus
440 2191 486 2238 est
506 2176 679 2251 nudatum,
705 2186 740 2235 ιιι
762 2174 858 2250 solet,
883 2175 924 2234 ob
945 2174 1094 2257 lauatum,

278 2288 382 2350 Renes
402 2300 432 2351 at
454 2300 589 2350 sacratos
612 2287 766 2348 miramur
787 2284 980 2362 uulneratos,

279 2396 411 2478 Capsam
435 2400 569 2460 clausam
591 2394 736 2478 pandunt
756 2405 895 2456 catenam
918 2406 949 2456 et
970 2393 1145 2476 offendunt,

278 2507 399 2571 Cruore
424 2510 588 2590 perfusum
611 2507 785 2569 horrebant
808 2515 839 2564 et
863 2503 1017 2585 cylicium,

279 2615 439 2694 Clamant,
469 2638 488 2679 o
511 2619 631 2678 felicem
655 2615 769 2677 suimet
789 2611 975 2675 carnificem.

195 2735 234 2791 16
277 2697 391 2812 Equis
414 2729 489 2790 hinc
510 2729 670 2791 indomitis
692 2741 846 2790 sacratum
870 2742 984 2803 corpus
1006 2721 1153 2801 martyris

189 2913 191 2918 ,
277 2840 388 2920 Presul
407 2837 605 2919 imponebat,
628 2840 768 2901 infrenes
794 2849 824 2897 et
845 2835 984 2907 laxabat,

278 2946 417 3010 Currunt
439 2947 474 3005 in
497 2946 648 3008 directum
671 2946 710 3008 ad
735 2947 810 3026 celle
836 2945 932 3024 patris
956 2954 1079 3004 tectum.

276 3054 427 3133 Sequitur
448 3073 518 3112 cum
541 3055 624 3112 clero
645 3055 802 3112 Iohannes
826 3035 920 3130 atque
941 3052 1072 3127 populo,

273 3155 475 3240 Kyrieleison
498 3159 632 3218 clamant
653 3170 684 3217 et
709 3156 855 3217 delletum
876 3157 1042 3216 tumulant.

193 3274 231 3332 17
275 3243 443 3331 lohannes
465 3269 530 3330 noli
551 3269 647 3348 flere,
670 3273 849 3351 magistrum
873 3266 965 3328 crede
988 3267 1110 3328 uiuere.

170 3459 172 3462 ι
273 3380 382 3459 Uiuit,
405 3381 552 3464 inquam,
575 3381 700 3459 Gallus,
723 3380 845 3471 beatior
867 3380 928 3438 iam
952 3379 1068 3455 nullus,

274 3491 365 3552 Uiuit
385 3514 442 3572 per
462 3491 628 3568 miracula,
657 3490 735 3552 dans
757 3501 878 3551 scutum
901 3486 939 3549 ad
963 3492 1131 3568 obstaculo,

268 3593 375 3664 ¹Iudex
396 3596 479 3655 inter
502 3592 630 3657 dextros
653 3615 795 3656 sessurus
816 3592 850 3652 in
873 3593 1014 3653 sinistros

273 3700 309 3758 ln
330 3702 494 3763 tremendo
517 3703 671 3764 examine.
713 3702 812 3781 gloria
833 3698 891 3760 tibi
912 3698 1049 3761 domine.

145 3808 233 3868 Beim
268 3809 410 3873 abdruck
441 3809 513 3872 sind
545 3813 605 3872 alle
638 3811 671 3871 in
704 3809 762 3872 der
791 3805 987 3870 handschrift
1017 3805 1098 3866 iiber
1121 3803 1190 3865 die*

145 3913 220 3976 ftinf
241 3932 341 3979 ersten
366 3922 535 4002 strophen,
558 3917 737 3982 wechselntl
756 3917 814 3979 mit
827 3917 936 3978 rothen
950 3914 1016 3976 und
1032 3912 1171 3974 schwar-

218 4099 266 4159 ts,
286 4101 303 4147 2
322 4107 433 4164 petrose.

925 4212 940 4250 0
