2640 4650
362 299 366 312 ⁴
451 219 825 360 wanrflnulud.

215 523 337 610 'Atque
358 525 441 591 viam
464 525 588 605 penitus
610 524 786 587 clausissem
811 523 882 589 vivo
900 528 1043 592 talentis!

240 635 301 699 Sed
325 637 432 696 nullus
455 634 514 694 luit
528 633 570 695 ,in
591 645 679 694 tauta
702 631 829 711 regione
850 645 1020 714 tyrannus,

238 747 299 809 Vel
321 743 387 805 dux
407 745 473 807 sive
496 762 600 804 comes
620 761 678 804 seu
701 741 790 802 miles
812 741 877 805 sive
897 743 1054 825 minister,

133 860 196 918 410
240 853 323 932 Qui,
355 851 497 933 quamvis
520 863 648 933 cuperet
668 849 813 931 proprias
834 849 998 914 ostendere
1019 857 1118 936 vires,

240 966 286 1025 Ac
309 963 426 1024 virtute
447 980 504 1022 sua
526 958 650 1023 laudem
677 973 800 1038 captare
821 979 1012 1039 perennem,

249 1072 456 1152 Ambiretque
477 1069 571 1130 simul
592 1087 700 1147 gazam
722 1066 871 1128 infarcire
891 1072 1063 1151 crumenis,

242 1178 457 1245 Waltharium
481 1189 585 1238 tamen
606 1178 723 1237 iratum
745 1179 991 1259 praesumpserit
1014 1185 1122 1244 armis'·

243 1287 417 1368 Insequier,
440 1286 610 1368 strictoque
630 1286 734 1348 virum
757 1306 908 1347 mucrone
929 1287 1047 1352 videre.

138 1397 201 1456 415
244 1394 330 1456 Nota
345 1391 490 1475 equidem
507 1395 622 1469 virtus,
641 1394 763 1473 experti
776 1407 848 1456 sunt
861 1416 1005 1477 quoque,
1028 1415 1161 1482 quantas

245 1503 415 1565 Incolumis
438 1500 559 1562 dederit
580 1515 694 1580 strages
716 1503 783 1564 sine
808 1506 938 1566 vulnere
959 1506 1069 1572 victor.

245 1609 313 1672 Nec
333 1613 416 1692 potis
439 1623 487 1672 est
506 1611 607 1672 ullum
629 1631 686 1671 rex
707 1610 895 1693 persuadere
916 1612 1074 1696 virorum,

245 1716 309 1794 Qut
329 1720 484 1802 promissa
504 1719 580 1784 velit
601 1721 659 1780 hac
680 1720 860 1783 conditione
883 1724 1010 1805 talenta.

211 1805 431 1895 Waltharius
460 1820 601 1911 fugiens,
631 1845 666 1894 ut
688 1832 771 1911 dixi,
802 1835 947 1898 noctibus
967 1837 1041 1915 ivit,

140 1943 204 2004 420
247 1945 352 2025 Atque
374 1940 425 2003 die
443 1942 541 2004 saltus
564 1942 755 2023 arbustaque
777 1941 872 2004 densa
893 1947 1073 2026 requirens,

245 2050 321 2110 Arte
343 2048 505 2109 accersitas
523 2049 641 2126 pariter
662 2049 742 2126 capit
761 2060 826 2108 arte
848 2053 1008 2130 volucres,

248 2157 475 2221 Nunclallens
496 2154 601 2226 visco,
631 2173 714 2213 nstnc
737 2153 810 2214 fisso
833 2141 978 2236 denique³
988 2158 1085 2236 ligno.
1164 2181 1168 2228 2
1227 2147 1231 2154 ¹

245 2257 304 2322 'Ast
329 2259 386 2320 ubi
405 2257 549 2340 pervenit
571 2279 634 2341 qua
654 2257 785 2320 flumina
803 2279 902 2325 curva
925 2261 1082 2343 fluebant,

247 2368 419 2431 Immittens
440 2368 569 2430 hamum
590 2369 695 2448 rapuit
717 2369 775 2439 sub,
798 2368 917 2447 gurgite
938 2369 1104 2451 praedam,

143 2482 205 2542 425
249 2480 352 2563 Atque
375 2476 465 2540 lamis
486 2488 603 2558 pestem
625 2458 747 2558 pepulit
767 2475 931 2540 tolerando
952 2480 1105 2544 laborem.

248 2589 393 2671 Namque
415 2589 505 2667 fugae
529 2599 594 2649 toto
617 2606 650 2647 se
672 2596 814 2666 tempore
836 2584 965 2665 virginis
987 2609 1047 2650 usu

253 2697 417 2762 Continuit
437 2696 488 2757 vir
508 2693 726 2770 Waltharius,
755 2691 921 2757 laudabilis
943 2698 1050 2760 heros·

225 2783 318 2870 Ecce
338 2822 450 2888 quater
470 2807 568 2869 denos
591 2809 638 2870 sol
660 2806 908 2868 circumflexerat
930 2807 1040 2886 orbes,

251 2923 302 2981 Ex
323 2940 387 2999 quo
407 2918 588 2999 pannonica,
608 2919 712 2979 iuerat
734 2917 890 2995 digressus
913 2920 952 2978 ab
975 2920 1073 2996 urbe3

149 3030 211 3086 430
253 3027 328 3104 lpso
347 3027 464 3103 quippe
485 3023 553 3097 die,
582 3043 748 3082 numerum
769 3025 825 3102 qui
847 3026 998 3086 clauserat
1017 3027 1129 3103 istum,

257 3128 398 3189 Venerat
422 3126 459 3187 ad
483 3128 633 3204 fluvium,
658 3131 721 3204 jam
744 3148 873 3207 vespere
895 3141 962 3188 tum
983 3131 1156 3211 mediante,

141 3229 144 3238 '
250 3233 379 3309 ‚Scilicet
399 3233 439 3296 ad
461 3229 626 3311 Rhenum,
654 3255 718 3316 qua
741 3254 850 3297 cursus
872 3231 972 3295 tendit
994 3234 1033 3298 ad
1051 3242 1164 3303 urbem

257 3343 393 3406 Nomine
417 3343 628 3406 Wormatiam
649 3344 746 3423 regali
768 3341 840 3405 sede
862 3343 1024 3406 nitentem.

257 3450 325 3511 Illic
345 3470 404 3531 pro
428 3452 523 3513 naulo
546 3449 645 3529 pisces
670 3447 756 3511 dedit
778 3462 869 3511 antea
892 3463 1017 3530 captos,

152 3561 214 3621 435
256 3557 296 3619 Ε1
317 3577 391 3619 mox
411 3557 621 3637 transpositus
647 3553 787 3633 graditur
805 3567 1014 3634 properanter
1033 3553 1175 3615 anhelus.

211 3757 266 3806 tot
283 3753 382 3805 liniter
397 3755 484 3818 pm
502 3765 612 3818 nemque
630 3750 699 3801 uiam
718 3748 820 3816 penitus
838 3744 900 3797 noui
918 3745 1042 3796 clausisse
1061 3741 1175 3803 talentis,

153 3842 218 3896 doch
236 3846 297 3896 uiuo
315 3842 384 3896 steht
396 3844 428 3895 Α.
438 3843 470 3892 Β.
494 3843 552 3908 ipse
570 3842 591 3894 1.
627 3844 680 3892 400
697 3842 739 3892 vel
757 3852 845 3890 comes
864 3836 884 3888 l.
922 3839 974 3886 413
994 3847 1176 3903 praesumpse-

152 3942 193 3988 rat
210 3936 231 3989 Ι.
268 3940 320 3989 415
333 3939 442 4000 quantos
454 3933 484 3985 C.
520 3937 574 3984 416
591 3931 733 3983 incolomes
744 3931 775 3980 Α.
793 3926 927 3978 incolumis
940 3926 971 3978 B.
992 3920 1173 3974 incolumesc.

152 4027 179 4077 in
194 4026 270 4078 bellis
284 4026 306 4077 l.
342 4029 396 4076 419
411 4024 465 4075 ibet
475 4023 505 4074 C.
542 4025 593 4073 est
611 4022 749 4074 arcessitae
761 4019 794 4069 B.
817 4018 876 4084 lpse
894 4016 1033 4068 accersitos
1048 4013 1140 4079 partim
1155 4011 1176 4066 Ι.

153 4118 208 4167 400
225 4130 320 4169 nec-
333 4113 423 4166 neoc.
460 4115 513 4164 423
528 4127 580 4177 quo
593 4112 624 4167 C.
661 4115 712 4164 4³1
729 4110 824 4162 flumen
838 4107 870 4157 G.
906 4109 959 4158 432
972 4104 1015 4170 qui
1031 4117 1132 4156 cursum
1145 4103 1175 4155 0.

885 4209 905 4261 2
