2640 4650
158 288 202 353 32
255 355 260 360 ,
480 284 856 354 WAL'PHARIUS.

267 517 397 584 Desine.
439 520 612 582 Walthnrii
632 532 668 581 tu
691 520 829 603 denique
851 522 972 585 viribus
990 523 1111 607 impar!

268 628 384 690 Infelix
403 637 507 689 tamen
529 624 582 687 ille
605 647 712 690 means
733 630 810 690 haec
833 630 939 690 omnia
961 632 1090 711 sprevit.

265 737 351 799 Arsit
371 732 454 797 enim
474 734 615 812 juvenis,
634 734 760 796 laudem
783 748 906 817 captare
928 738 1107 821 cupiscens3

162 853 223 912 855
268 844 484 925 Tristatusque
506 842 636 922 Hagano
656 843 791 925 suspiria
812 858 938 926 pectore
959 850 1055 928 longa

270 951 398 1028 Traxit,
429 962 458 1012 et
480 950 623 1013 hanimo
646 949 728 1012 fudit
749 951 787 1014 de
811 951 905 1014 corcle
926 956 1086 1037 loquelast

267 1057 314 1123 ‘0
346 1070 458 1123 vortex
491 1058 617 1133 mundi,
649 1060 747 1121 fames
776 1059 938 1125 insatiatus
969 1063 1120 1142 habendi,

266 1166 386 1243 Gurges
410 1162 572 1242 avaritiae,
594 1177 779 1226 cunctorum
800 1167 881 1228 fibra
902 1167 1071 1232 malorum!
1159 1250 1162 1254 Α

272 1273 318 1354 Ο,
346 1273 465 1337 utinam
487 1275 589 1336 solum
609 1274 753 1353 glutires,
781 1273 865 1351 dira,
895 1279 1055 1340 metallum

163 1395 226 1448 860
269 1384 464 1467 Divitiasque
485 1384 577 1460 alias,
604 1383 747 1444 homines
768 1382 898 1465 impune
918 1386 1091 1450 remittens.

269 1491 331 1567 Sed
347 1504 381 1553 tu
402 1513 486 1553 nunc
506 1491 649 1553 homines
668 1512 818 1572 perverso
840 1494 970 1556 numine
991 1493 1127 1577 perflans

269 1600 430 1678 Incendis,
453 1600 595 1683 nullique
618 1620 710 1661 sertim
734 1606 795 1678 jam
819 1601 943 1665 sufficit.
976 1624 1045 1666 ecce

267 1711 342 1774 Non
356 1708 514 1791 trepidant
534 1719 668 1769 mortem
688 1731 749 1790 pro
761 1711 850 1773 lucro
872 1710 1034 1773 incurrere
1050 1724 1187 1794 turpem.

163 1802 165 1810 ¹
270 1817 396 1895 Quanto
418 1820 490 1899 plus
512 1817 647 1879 retinent
667 1829 755 1882 tanto
779 1819 845 1880 sitis
866 1817 954 1881 ardet
973 1820 1123 1884 habendi·
1246 1859 1253 1877 .

167 1937 228 1993 865
271 1927 417 1992 Externis
441 1925 536 1990 modo
558 1927 608 2005 vi,
641 1927 736 1992 modo
760 1929 875 1992 furtive
896 1930 1082 2010 potiuntur3
1133 1910 1134 1913 Ἴ

270 2039 309 2102 Et
331 2037 417 2122 quod
439 2038 510 2120 plus
531 2051 663 2101 renovat
682 2038 812 2120 gemitus
829 2039 1037 2123 lacrimasque
1062 2040 1165 2118 ciebit,

268 2146 450 2226 coeligenas
473 2147 591 2210 animas
612 2147 709 2215 Erebi
729 2148 857 2212 fornace
878 2149 1059 2213 retrudunt.

270 2257 367 2335 Ecce,
400 2278 456 2338 ego
481 2256 625 2320 dilectum
650 2278 775 2342 nequeo
794 2280 943 2323 revocare
964 2271 1127 2342 nepotem

272 2357 486 2430 Instimulatln
508 2370 592 2430 enim
613 2366 652 2428 (le
673 2380 704 2429 te
727 2380 789 2445 cst,
817 2389 836 2431 o
858 2388 951 2432 saeva
972 2369 1098 2451 cupido.

168 2489 230 2543 870
273 2478 324 2540 En
344 2498 455 2541 coecus
473 2490 607 2543 mortem
627 2488 778 2559 properat
798 2489 923 2557 gustare
942 2477 1127 2556 nefandam,

273 2589 314 2650 Et
333 2589 388 2654 vili
410 2609 469 2669 pro
493 2586 587 2650 laude
607 2587 694 2670 cupit
718 2585 907 2649 descendere
930 2587 971 2651 atl
992 2591 1130 2651 umbras.

272 2699 343 2761 Heu
356 2699 450 2776 mihi,
476 2718 546 2761 care
560 2717 656 2778 nepos
668 2695 762 2758 matri
775 2695 851 2778 quid
865 2697 985 2780 perdite
995 2694 1147 2760 mandas?

207 2854 211 2859 .
274 2805 351 2882 Quis
371 2828 475 2888 nuper
494 2804 619 2869 ductam
640 2805 810 2883 refovebit,
841 2828 930 2884 care,
960 2807 1118 2878 maritam,

274 2914 334 2976 Cui
354 2936 412 2976 nec
432 2927 540 2996 raptae
562 2913 630 2996 spei
649 2913 743 2996 pueri
762 2913 883 2993 ludicra
907 2909 1043 2976 dedisti?

169 3031 231 3087 815
274 3019 352 3096 Quis
363 3022 421 3086 tibi
435 3044 507 3085 nam
520 3023 611 3084 furor
623 3017 691 3083 est?
714 3021 797 3084 unde
813 3024 890 3084 haec
902 3018 1057 3082 dementia
1067 3016 1192 3083 venit‘l’

275 3131 327 3194 Sic
348 3132 405 3211 ait,
436 3144 467 3194 et
486 3132 639 3212 gremium
659 3131 794 3194 lacrimis
818 3129 992 3213 conspersit
1005 3126 1168 3205 'obortis‚'
1276 3204 1279 3208 .

275 3241 316 3304 Et
339 3244 501 3322 ‘longum,
522 3242 678 3318 formose,
702 3237 808 3305 valel’
839 3241 1025 3321 singultibus
1046 3235 1119 3299 edit.

217 3328 447 3431 Waltharius,
476 3353 548 3415 licet
568 3376 587 3416 a
607 3355 717 3434 longe,
747 3356 865 3418 socium
886 3354 955 3413 fore
971 3357 1129 3434 nroestum

273 3461 429 3539 attendit,
462 3464 642 3546 clamorque
667 3465 761 3526 simul
778 3458 922 3544 pervenit
942 3454 980 3517 acl
1002 3470 1109 3538 aures,

172 3569 1069 3653 mffiMmmmmfflmmm

184 3722 186 3726 -
277 3678 408 3759 ‘Accipe
430 3679 609 3757 consilium,
637 3680 761 3758 juvenis
774 3675 959 3765 fortissime,
990 3680 1149 3740 nostrum,

171 3838 432 3856 *Q-——a

243 3946 297 3995 854
316 3942 382 3994 enirn
401 3942 474 3995 uenis
493 3945 524 3997 A.
583 3948 637 3997 888
656 3939 779 3995 extremis
798 3936 829 3990 c.
881 3938 936 3988 868
955 3934 1035 3987 ciebis
1054 3932 1086 3984 B.
1140 3934 1193 3984 869

173 4039 214 4085 est
232 4032 266 4085 cle
284 4039 311 4086 te
329 4032 361 4085 Β.
404 4037 458 4084 812
476 4033 538 4100 qnid
556 4035 632 4086 matri
649 4033 681 4085 B.
723 4033 777 4082 814
795 4027 921 4081 ludicrum
936 4029 967 4081 0.
1010 4031 1064 4078 818
1081 4024 1194 4077 lacrimis

174 4125 299 4192 gremium
319 4126 349 4176 A.
403 4128 457 4176 811
476 4125 574 4180 famose
593 4127 624 4179 A.
677 4127 732 4175 880
749 4138 827 4176 unum
847 4123 877 4175 c.
927 4125 979 4172 881
1000 4117 1141 4172 clarissime
1161 4114 1192 4165 B.
