2640 4650
229 404 233 409 Δ
290 276 599 375 nuonnrsn
642 305 907 392 singultum
1069 314 1128 379 ns

192 543 292 630 quue
314 541 484 607 monedula
505 539 597 605 discit
616 553 657 649 et
665 539 703 604 ad
722 540 881 605 dominam
895 544 1056 608 revolavit

194 694 681 720 ..........
724 672 836 733 precor
861 650 1003 717 audi.

191 761 278 839 Quae
295 762 394 855 dixit,
414 765 566 851 loquere:
588 759 731 824 ‘Rddlieb
750 764 839 840 here,
863 785 954 847 curre
970 767 1126 848 venique!

193 913 676 938 ..........
720 883 935 952 gementem.

30 1041 32 1045 .
106 991 147 1044 80
168 974 169 978 ’
191 981 308 1050 Omnes
328 985 427 1047 risere
448 983 604 1071 voluirem
626 979 702 1064 quid
725 983 786 1044 tale
808 995 919 1046 notare

295 1138 304 1157 .
346 1137 355 1156 .
398 1114 433 1155 er
482 1136 703 1157 .....
747 1091 855 1154 sedeas
879 1092 935 1153 ubi
953 1113 1058 1174 supra.

187 1199 282 1276 Quod
304 1201 450 1285 dicetque
470 1215 556 1279 nota,
580 1202 607 1263 si
627 1202 748 1277 clamet,
769 1213 805 1262 tu
827 1221 955 1283 quoque
987 1203 1103 1265 clama!

190 1351 565 1376 ........
608 1308 776 1372 monedula
801 1312 899 1373 verba

188 1417 291 1500 Ipsius
310 1418 402 1500 pueri
422 1378 556 1481 Rddlieb
577 1418 732 1483 venientis
754 1419 842 1482 avari

105 1530 145 1587 85
190 1566 572 1591 ........
615 1524 743 1609 quando
768 1526 897 1590 ueniret.

189 1635 343 1717 Prospicit
366 1656 383 1697 e
406 1637 484 1701 silva
503 1637 606 1698 socios
627 1656 784 1716 emergere
806 1634 902 1699 densa

190 1788 405 1809 .....
447 1745 550 1826 ju]xte
572 1766 667 1828 quem
690 1747 818 1810 scutifer
842 1754 920 1827 ejus.

184 1855 348 1918 Postremo
365 1854 515 1925 ,dominus
533 1869 617 1919 meat
637 1856 780 1921 officialis
803 1871 838 1921 et·
855 1863 921 1935 ejus
1040 1936 1043 1939 ,

187 2010 195 2028 .
238 2010 247 2027 .
291 2008 299 2025 .
345 2010 354 2029 .
397 1987 407 2029 t
447 2008 722 2029 ......
764 1987 908 2047 quaeque
930 1985 1069 2034 setarum.

103 2080 144 2134 90
187 2075 278 2137 Tunc
294 2097 373 2155 puer
387 2076 556 2138 exclamet:
576 2073 736 2169 fdomintts
753 2072 894 2152 gaudete,
911 2075 1124 2156 propinquat.’

586 2382 627 2448 X.

103 2518 119 2572 1
189 2556 198 2573 .
345 2556 353 2575 .
397 2513 471 2597 quie
492 2515 664 2607 non‘pilus
683 2533 765 2575 unus
785 2512 892 2577 ibilit.
1119 2514 1229 2573 lul-²³2.

185 2619 280 2698 Quod
301 2635 365 2685 tam
385 2644 479 2689 nemo
500 2625 669 2700 refersit,
691 2625 747 2705 qui
768 2622 944 2688 discernere
968 2629 1074 2707 possit,

186 2729 342 2812 Clericus,
364 2756 405 2797 en
428 2735 559 2813 mulier,
580 2734 720 2797 inberbis
743 2755 784 2796 sn
806 2748 887 2797 esset
908 2736 1062 2815 alumnus,

184 2841 240 2902 Est
259 2853 324 2903 tam
345 2840 498 2918 jocundae
520 2855 583 2905 tom
604 2842 762 2921 virgineae
785 2842 886 2905 faciei.

101 2956 120 3009 5
185 2949 273 3009 Dum
295 2969 327 3010 se
354 2949 528 3012 tondebant
548 2950 657 3024 sordes
678 2953 860 3035 limphasque
878 2954 1025 3016 lavabant

184 3055 336 3117 Exierant
357 3059 512 3121 butinam.
552 3058 755 3122 Lavacralem
773 3080 852 3122 mox
874 3061 935 3123 sibi
954 3063 1075 3122 laenam

187 3165 324 3228 Scutifer
345 3167 512 3248 imposuit,
536 3191 599 3251 qua
622 3170 734 3232 lectum
758 3181 857 3231 tectus
878 3168 984 3246 adivit,

186 3276 299 3340 Donec
316 3277 450 3340 siccetur
471 3291 637 3362 aestusque
657 3279 718 3340 sibi
739 3281 908 3343 minuetur.

183 3385 259 3447 Post
280 3385 438 3478 modicum
454 3387 567 3467 surgit,
588 3408 647 3449 sua
661 3390 867 3453 calceamenta
888 3390 1033 3472 requirit.

102 3496 142 3552 to
183 3497 230 3556 Sic
249 3499 339 3578 pedat
359 3500 402 3559 ad
422 3520 547 3574 mensam
568 3519 659 3560 comes
702 3543 921 3563 .....
1120 3495 1214 3559 [sstem-
1257 3503 1261 3511 “

182 3605 248 3669 Νοη
271 3618 366 3667 tamen
392 3613 421 3668 in
444 3613 511 3670 solio
544 3593 626 3671 soluit
658 3611 780 3670 residere
804 3629 943 3690 supremo,
1119 3567 1232 3690 ἓῖιὲῗξῃῃ,

183 3709 243 3768 Sed
268 3710 414 3792 subjective
441 3719 541 3774 mntrz's
569 3715 699 3791 desinite,
723 3716 792 3775 uelut
820 3713 927 3792 hospes,
1118 3708 1163 3758 f0l·
1180 3712 1221 3758 2³·
1256 3746 1259 3750 -

184 3819 278 3898 Atque
299 3823 384 3883 libens
410 3834 498 3884 totum
520 3823 573 3884 siti
598 3829 723 3904 permisti
741 3826 926 3885 dominatum.
1118 3795 1218 3900 mi's'gic‘

99 3959 379 4011 ...7..—..
1116 3920 1179 3972 27¹³.
1203 3920 1213 3984 ]

173 4052 424 4118 ⁹)dermtnct1ner
456 4061 540 4114 codex
570 4061 613 4113 ltet
638 4019 776 4116 btotsidte
802 4060 850 4112 mit
874 4053 1012 4109 etehendet
1030 4052 1120 4106 schrift
1189 4080 1195 4090 „

100 4142 263 4210 gedrnclttsn
281 4148 383 4205 stelles.
738 4158 739 4162 ’

697 4307 712 4340 ᾗ,
808 4245 887 4308 12*
