2640 4650
509 217 781 342 ,nossem
1101 256 1165 321 aas
1273 227 1276 231 ’

141 380 1166 419 ....-.---------—--·-

250 503 342 568 Unus
365 504 408 566 eis
431 502 571 577 animus,
605 511 795 580 quamquam
817 510 883 554 uon
902 492 993 556 unica
1014 492 1124 568 virtus,

145 623 207 677 360
251 609 388 675 Perdere
410 630 469 673 nos
491 611 623 680 liscum,
652 625 686 665 ac
710 582 802 665 mdrti
827 600 949 664 tradere
973 612 1145 682 quaeruut3
1220 634 1226 639 -

253 718 336 797 Quid
363 718 441 783 datis
464 716 573 780 arixilii
594 714 738 776 rabiosae
768 711 918 774 obsistere
939 698 1046 792 genti?

251 827 327 891 Non
348 839 487 908 pugnam
512 824 672 900 manibus,
698 840 763 882 non
786 839 876 882 arcus
896 817 1036 882 tenditur
1054 820 1147 896 ullus,

250 933 371 995 Missile
393 952 456 994 nou
480 931 609 1012 jacitur,
632 949 689 989 nec
712 923 810 988 lunda
838 945 915 988 saxa
939 937 1095 1000 rotamur,

252 1017 327 1104 Non
348 1013 421 1102 saint
442 1037 606 1120 pennigeri
630 1055 784 1118 pugnaces
806 1030 959 1112 insidiosi,
1022 1107 1026 1114 Ι

148 1155 210 1212 365
253 1148 336 1212 Nam
362 1148 575 1231 naquecalce
606 1147 701 1226 lupus
728 1163 831 1226 neque
861 1160 1051 1226 quemquam
1081 1142 1172 1210 dente

906 1253 984 1332 petit
1006 1255 1080 1334 bos;

258 1365 349 1427 Absit
371 1363 456 1427 solus
479 1374 607 1445 speret
630 1360 774 1441 corniger
795 1360 904 1442 atique
925 1342 1046 1440 cervus,

256 1471 315 1533 llis
333 1490 432 1536 cornu
453 1473 571 1533 bellum
592 1490 661 1533 cum
687 1466 789 1532 dentis
809 1469 951 1530 acumine
972 1490 1111 1546 saevum,
1170 1469 1177 1476 ’

257 1580 409 1643 Insistunt
431 1592 540 1658 antro,
571 1599 634 1641 nou
665 1575 787 1641 decidet
807 1577 903 1638 nriete
924 1579 1047 1656 crebro,

256 1685 330 1750 Non
353 1700 440 1770 patet
464 1708 626 1766 ascensus,
664 1709 721 1749 nec
745 1684 865 1749 scandit
886 1684 1037 1749 ridiculus
1058 1707 1138 1750 mus.

154 1803 216 1860 sto
260 1793 322 1859 Sed
345 1817 457 1860 vereor
485 1797 610 1878 vulpem
635 1795 762 1858 solitum
783 1795 912 1857 turbare
938 1793 1092 1872 bitumen,

258 1903 334 1968 Non
357 1901 481 1967 solitum
504 1917 624 1987 potest,
646 1907 753 1985 plures
775 1904 836 1965 sibi
859 1907 989 1982 jungere
1010 1901 1134 1984 gaudet,

260 2010 309 2074 Ad
332 2033 381 2072 mc
402 2009 598 2092 perdendum
620 2011 757 2090 vigilavit
777 2032 851 2073 cura
872 2031 1019 2091 suorum3

72 2191 74 2199 Ι
188 2125 191 2130 ’
259 2116 423 2177 Praevnlet
444 2116 477 2176 in
500 2130 653 2199 quantum
676 2115 845 2179 cumulavit
866 2115 934 2196 ipsa
956 2117 1137 2193 tumultum,

265 2221 300 2284 st
321 2219 435 2285 desunt
457 2223 560 2301 vires,
594 2222 772 2305 regnabunt
794 2214 934 2307 nudique
957 2225 1094 2291 fraudes.

158 2338 220 2396 375
264 2330 393 2394 Mortua
414 2333 452 2396 sit
474 2333 563 2413 vulpi
586 2334 724 2396 versutia
756 2330 932 2414 decipiendi
941 2328 960 2395 i’

266 2439 420 2524 Namque·
441 2439 505 2504 duo
528 2443 638 2504 famuli
663 2442 751 2504 nullo
774 2453 895 2506 terrore
920 2442 1050 2520 subacti,

265 2544 382 2614 Libere
401 2549 608 2633 respondent,
630 2527 713 2613 dicto
740 2544 858 2635 talique
880 2551 1064 2618 cohercent:

261 2659 344 2724 ‘Non
365 2659 461 2724 simus
484 2660 602 2739 injusti,
638 2679 740 2743 nequa
762 2659 877 2720 talibus
899 2659 1051 2724 associati.

263 2761 373 2852 culpis
396 2780 565 2848 gestorum,
594 2788 676 2852 quae
705 2766 876 2850 dampnent
896 2767 984 2832 more
1004 2787 1142 2849 reorum,

158 2884 221 2942 380
263 2877 315 2939 Ex
335 2877 385 2938 liis
407 2877 512 2938 nullus
536 2870 611 2955 erit,
640 2875 696 2960 qui
716 2894 780 2940 uos·
797 2876 983 2941 convincere
1004 2880 1104 2961 possit

265 2982 423 3064 Sanguine
447 2982 486 3046 de
509 2984 631 3062 fratris,
654 3005 711 3048 nee
732 3005 797 3049 non
820 2983 859 3049 da
882 2999 983 3051 morte
1004 2992 1154 3071 parentis.

267 3089 403 3157 Coettbts
424 3091 562 3157 illaesam
582 3095 744 3176 cupientes
766 3092 880 3158 ducere
902 3096 998 3161 vitam
1173 3090 1177 3095 ’

267 3201 377 3266 Gratas
398 3202 507 3266 lectori
528 3202 736 3285 persolvimus
768 3204 988 3288 omnipotenti,

263 3309 362 3393 Leges
385 3312 440 3396 qui
461 3311 582 3391 statuit,
604 3313 677 3375 lacti
700 3310 915 3377 moderamina
936 3316 1034 3394 jussit.

158 3425 219 3481 385
264 3414 353 3494 Quae
375 3417 450 3483 dare
474 3443 539 3485 nou
561 3435 686 3504 poteras
696 3432 715 3499 ‚‘
737 3423 843 3486 hostili
862 3427 932 3501 jure
953 3426 1092 3504 tenebas,

265 3527 365 3593 Nobis
391 3532 538 3609 jurabas,
570 3552 609 3593 ex
631 3531 692 3593 hoc
713 3530 770 3594 tibi
793 3534 998 3614 consociam,

262 3636 362 3699 Annis
382 3641 444 3716 jam
468 3650 585 3722 septam
609 3640 656 3704 vis
677 3659 743 3702 non
765 3640 926 3705 incurrere
950 3657 1092 3723 mortem,

261 3744 336 3814 Non
360 3745 403 3809 ita
424 3746 597 3827 promeriti,
623 3747 666 3809 sic
685 3766 743 3810 nos
766 3768 929 3831 opponere
951 3754 1055 3832 morti,

263 3851 440 3917 fraudibus
463 3853 495 3916 in
521 3856 625 3939 vulpis
653 3858 796 3940 quaesit
826 3857 884 3920 tibi
908 3869 982 3922 cura
1005 3861 1133 3939 timoris,

228 4027 280 4078 811
300 4025 381 4080 libsts
398 4030 429 4084 Α.
