2640 4650
190 292 256 361 248
562 281 831 352 nemis.-

196 402 1225 431 -ῤ-ᾞἫ

298 516 463 597 Stringerie
486 515 617 592 melius,
648 514 675 576 ei
696 513 785 575 fluxa
806 515 979 576 cucurrerit
1000 516 1101 582 alunt.

196 634 257 691 150
301 625 439 688 (lureitat
458 623 588 699 ericius,
610 621 712 703 pomis
733 621 905 684 revelletur
927 635 1095 701 nouatut‚'

299 735 400 796 Luter
418 733 553 814 piscator
571 742 722 813 properat
742 752 802 812 pro
822 731 959 811 piscibus
980 745 1117 815 emptor.
1133 766 1138 777 =

299 840 350 903 Ne
368 840 473 920 plores
495 837 646 913 nimium,
666 836 718 898 sed
742 837 869 918 pangito
891 839 1030 899 carmina
1051 859 1181 920 regum.

303 947 410 1011 Poscis
431 948 524 1008 inane
544 944 637 1023 deoc,
660 946 777 1007 inlcrni
796 951 866 1022 jura
895 949 1036 1026 sepultus

301 1056 438 1127 Victima
459 1055 603 1116 Plutonia
625 1056 784 1130 eternerie,
801 1055 845 1114 nil
866 1053 1051 1130 miserearis,

196 1169 257 1228 15⁵
300 1165 388 1226 Dum
405 1164 477 1225 licet
498 1162 531 1224 in
553 1164 649 1226 rcbue
669 1162 812 1240 jocundis
832 1164 903 1227 vive
921 1153 1049 1226 beatue.’

270 1251 339 1337 Ille
372 1276 491 1335 cubans
516 1271 639 1353 gaudet,
662 1276 879 1356 praelambens
900 1296 993 1337 omne
1012 1257 1098 1357 quod
1118 1277 1231 1353 affert,

303 1383 387 1463 Quid
397 1384 603 1469 durum,quid
614 1390 707 1450 molle
720 1390 809 1462 soret,
817 1385 893 1472 quid
902 1389 981 1464 lene,
991 1385 1066 1471 quid
1074 1388 1230 1470 horrens,

304 1494 388 1572 Quid
404 1494 536 1558 calidum
554 1495 700 1576 gelidum,
713 1495 913 1558 dominorum
927 1497 1003 1578 quid
1017 1498 1229 1579 lentulorum,

306 1604 565 1688 continuansque
588 1603 682 1686 dapes
707 1605 879 1666 succinctus
902 1606 1029 1668 cursitat
1051 1607 1184 1689 hospes,

200 1720 262 1777 160
305 1714 462 1793 Fungitur
481 1714 592 1775 olliciie
615 1734 672 1775 nec
695 1734 759 1774 non
781 1714 943 1775 verniliter
960 1715 1046 1796 iptio,

306 1822 471 1902 Multaque
494 1817 533 1881 de
556 1841 667 1900 magna
688 1834 852 1884 creverunt
874 1823 1026 1903 fragmiptt
1047 1844 1157 1905 coena,

304 1924 394 2004 Quae
416 1930 528 2009 procul
550 1929 708 1992 instructis
729 1931 862 1993 inculcat
885 1929 1030 1993 habenda
1048 1935 1207 1999 canistris.
1249 1914 1253 1919 Ι

311 2095 389 2189 Jatn
412 2147 478 2190 nox
502 2148 560 2208 per
586 2125 722 2190 medium
744 2127 898 2208 gaudebat
919 2148 1044 2191 currere
1066 2130 1205 2210 coelum,

306 2240 386 2303 (lum
402 2241 508 2303 subito
528 2241 615 2302 missi
636 2253 823 2323 properant,
854 2240 910 2322 qui
931 2262 1063 2303 munera
1082 2257 1227 2328 portant,

201 2352 263 2412 tte
306 2350 392 2411 Inter
412 2369 493 2432 quae
514 2352 646 2410 rombus
669 2370 738 2411 cum
762 2350 859 2413 multo
880 2349 978 2410 milite
1009 2352 1138 2429 berlint,

305 2457 437 2521 Flexilie
463 2468 493 2517 et
514 2476 661 2535 congrue,
699 2458 864 2540 cum'qnle
893 2459 991 2538 mugil
1020 2481 1204 2545 generosus,

311 2562 431 2639 Gobio‚
452 2563 608 2644 sepiolae,
636 2565 744 2644 lolligo
766 2588 836 2629 cum
866 2568 1020 2649 capitone,

308 2672 432 2751 Cancri,
452 2673 559 2751 mulli,
589 2686 704 2751 trutta,
732 2673 927 2754 carriacus,
949 2676 1116 2759 lticltcrne,
1135 2682 1227 2766 allec,

257 2835 260 2841 .
307 2783 407 2844 Attuit
429 2795 459 2844 et
478 2784 576 2844 salmo
598 2783 736 2845 nutritus
760 2781 890 2845 flumine
911 2785 1032 2863 Hreno,

204 2898 266 2956 170
311 2889 379 2953 Nec
402 2892 510 2952 aberat
531 2888 621 2954 donia
643 2891 759 2972 piecoei
779 2914 857 2973 grex
876 2891 1078 2970 Rabadouin·
1115 2884 1120 2889 ⁵

309 2998 403 3077 Quod
425 2999 589 3082 fundoque
610 3001 722 3063 Mosae
746 3001 869 3081 capitur
889 3001 981 3081 piscis
1001 3023 1099 3080 genua
1112 3024 1227 3086 omne3

309 3110 435 3172 Profert
456 3131 489 3172 ae
512 3120 595 3171 cesto
617 3109 711 3190 epiox
739 3123 847 3191 captus
869 3111 901 3171 in
925 3129 1016 3171 amne
1034 3123 1182 3192 petroeo=

309 3219 530 3303 squamigeros
553 3232 659 3281 coetue
687 3220 812 3300 punctis
836 3221 969 3299 pellebat
991 3232 1110 3284 acutus.

310 3326 433 3390 Detulit
458 3328 535 3390 haec
551 3330 635 3390 luter
656 3347 745 3389 carue
777 3326 980 3410 placidusque
1004 3329 1156 3394 minister.

204 3439 266 3495 175
310 3430 433 3514 Optnlit
454 3436 581 3513 ericiue,
602 3437 731 3518 epinoso
752 3439 867 3500 vellere
889 3449 988 3512 sutue,

309 3540 470 3620 Rugoeum
490 3543 582 3623 piper
603 3556 758 3607 accustus
781 3546 965 3630 lentumque
988 3567 1137 3627 papaver,

272 3687 275 3691 -
309 3648 427 3711 Porroe
446 3658 476 3709 et
499 3651 617 3728 caules,
637 3653 765 3714 rafanoe
788 3675 915 3738 quoque
942 3654 1065 3718 viribus
1085 3676 1182 3734 acret,

306 3755 420 3818 Molles
442 3771 599 3823 castaneae
621 3758 743 3822 domnis
767 3763 972 3825 coenantibus
992 3777 1090 3844 aptae,

312 3866 371 3928 Hic
392 3865 619 3947 cydonia.eunt
630 3913 640 3945 ,
661 3872 833 3953 crustumia
850 3870 989 3955 ,denique
1009 3871 1119 3935 mixte.

275 4035 328 4084 15⁰
345 4029 482 4084 revehatur
499 4028 530 4081 Α.
586 4031 639 4082 lto
653 4030 770 4098 piscosus
788 4031 834 4089 A(
875 4038 928 4089 111
943 4006 1043 4109 cetos
1072 4034 1125 4087 m
1145 4042 1224 4099 tque·

204 4121 368 4188 migerocqne
386 4128 459 4177 cetur
477 4121 509 4176 Α.
566 4123 618 4174 tto
640 4120 712 4176 etcht
726 4140 774 4180 tor
791 4130 852 4182 ttta
