2640 4650
147 254 212 321 358
547 256 779 324 UNlBOS.

277 491 329 547 28.
373 484 449 544 Post
472 483 566 560 hujus
588 483 677 562 regni
703 484 871 546 terminum

339 632 349 645 =
371 591 551 672 sollempne
573 591 607 653 fit
631 575 816 673 emporium,

371 702 458 764 Dum
481 700 553 763 data
574 701 666 764 bovis
688 702 793 766 tunica

370 811 499 891 Argenti
520 807 603 871 ridet
624 809 723 892 copia.

277 927 330 982 29.
373 921 448 983 Non
471 931 516 981 est
538 932 708 982 mercatum
733 921 832 982 simile

370 1030 457 1093 Sicut
478 1027 517 1089 de
539 1030 630 1091 bovis
653 1042 785 1109 tergore,

372 1139 559 1220 Exemplum
587 1136 696 1199 deme
719 1159 859 1220 paupere

373 1247 407 1308 Si
430 1250 477 1310 vis
501 1261 625 1324 tenere,
648 1249 793 1327 suscipe?

280 1364 331 1418 30.
372 1357 449 1418 Post
474 1357 551 1417 llaec
573 1356 709 1417 ministri
730 1358 859 1437 publico

374 1465 579 1530 Conveniunt
602 1465 634 1526 in
659 1464 774 1528 trivio:
868 1545 871 1548 ἢ

369 1577 473 1638 Villae
494 1579 614 1652 major,
639 1577 848 1656 praepositus,

370 1685 496 1766 Templi
517 1683 663 1747 sacerdos
689 1684 824 1746 inclitus.

279 1798 329 1851 31.
374 1788 574 1854 Oeconomus
596 1792 745 1851 attonitus

375 1898 448 1961 Suis
470 1899 567 1960 refert
588 1898 754 1959 comitibus

370 2003 499 2065 Famam
521 2004 597 2066 novi
624 2004 813 2080 commercii,

371 2111 474 2174 Unius
499 2125 663 2194 quaestum
688 2113 773 2174 corii.
879 2154 884 2162 -

277 2222 328 2278 32.
371 2218 462 2280 'l'nnc
487 2219 611 2296 gavisus
632 2219 832 2298 praepositus

367 2324 482 2387 Factus
507 2324 601 2384 tantis
624 2326 807 2386 rumoribus

366 2432 531 2494 Profunda
554 2431 605 2493 dat
627 2434 772 2511 suspiria.

369 2540 450 2601 Cum
470 2559 588 2619 pompa
611 2537 717 2600 dicens
738 2540 830 2602 talias

273 2655 325 2711 33.
364 2648 481 2710 “Vobis
501 2645 602 2709 dicam
629 2648 826 2725 miraculum,

361 2757 523 2819 Revelabo
545 2756 735 2839 prodigium,

364 2865 514 2946 Aperiam
537 2866 703 2928 consilium

367 2971 541 3035 Colendum
562 2974 813 3036 saluberrimum.

272 3087 323 3146 at.
367 3082 402 3144 Si
428 3084 523 3149 vrsltis
546 3104 612 3144 esse
634 3082 756 3158 divites,

368 3189 403 3251 Si
425 3191 596 3268 fortunati,
628 3190 765 3268 comites,

304 3364 307 3371 ,
363 3295 452 3373 Quae
473 3320 540 3361 snm
565 3301 704 3360 facturus
726 3298 816 3359 facile

362 3407 530 3489 Sequenda
550 3429 635 3468 nunc
657 3407 854 3488 perpendite.

268 3518 319 3578 35.
361 3516 390 3575 A
412 3517 526 3578 nostris
548 3517 757 3578 tabernaculis

364 3621 475 3686 Omnis
500 3624 627 3684 fortuna
654 3623 768 3684 sterilis

363 3731 512 3794 Discedet
536 3753 595 3811 per
617 3729 838 3794 commercium

363 3838 631 3901 commerciorum
653 3833 838 3901 maximum.

269 3953 320 4009 36.
363 3947 420 4007 Est
440 3945 603 4007 mercandi
623 3946 765 4022 felicitas,

363 4053 465 4130 Quam
487 4053 657 4116 transmisit
677 4049 832 4120 divinitas,
