2640 4650
510 290 769 364 EOBASIS.
1079 299 1144 365 249

128 523 191 595 180
235 524 292 585 Ηίε
315 524 358 586 ita
381 524 529 603 susceptis
557 523 742 586 redhibetur
762 524 858 604 gratia
881 524 993 586 missis.

68 615 71 620 ¹
232 632 410 698 Considunt
430 635 556 715 pariter.
594 647 659 696 tum
682 633 725 695 sic
754 634 802 695 sit.
818 635 884 714 ipse
908 636 1073 714 magister:

233 743 401 824 ‘Septimus
421 756 532 806 sclavo
550 743 683 822 propior
700 747 762 819 jam
781 743 932 822 praeterit
952 763 1061 818 annus,

233 851 284 917 Ex
306 870 371 932 quo
392 871 462 911 cum
481 849 600 928 pontis,
630 870 699 909 cum
721 849 859 930 piscibus
880 850 959 911 urbe
981 847 1084 929 petitis

231 958 358 1020 Mensae
380 957 510 1034 ornavi,
547 959 695 1022 convivas
720 957 786 1038 ipse
807 957 922 1027 refeci}

131 1073 191 1131 185
236 1067 287 1130 Sic
307 1069 376 1130 uixi
398 1067 570 1129 monachus
592 1068 769 1128 claustralia
787 1071 857 1143 jura
880 1077 1018 1143 secutus,

235 1175 351 1241 Omnia
373 1175 525 1236 distractis
548 1184 693 1235 coemens
716 1175 848 1235 obsonia
869 1175 962 1252 gazis.

237 1284 346 1345 Gratia
368 1283 407 1344 sit
428 1282 534 1358 vobis,
556 1282 641 1363 quod
663 1282 707 1343 sic
729 1281 807 1343 milti
835 1279 1076 1362 subpeditastis.'

238 1392 370 1453 Afficior
394 1391 500 1466 senio,
520 1391 610 1451 robis
632 1411 701 1452 meu
727 1402 836 1452 cuncta
857 1389 1012 1472 relinquo,

238 1500 344 1564 Ericio
367 1521 497 1581 rupem,
529 1500 613 1560 lutro
636 1519 694 1579 pro
716 1498 854 1578 piscibus
878 1497 1022 1559 amnem)

98 1694 100 1699 Ι
132 1615 195 1672 190
236 1599 386 1672 Protinus
407 1606 556 1686 arrident,
590 1609 705 1669 collum
728 1607 902 1688 faciemque
925 1608 1109 1688 remulcent.

237 1721 281 1784 Ut
304 1743 355 1784 me
376 1722 591 1802 conspiciunt,
613 1722 775 1782 confestim
796 1722 869 1783 talia
892 1718 1016 1783 dicunt:

228 1833 368 1894 ‘Mirum
387 1831 423 1894 fit
443 1830 548 1904 nobis,
578 1829 655 1914 quid
678 1829 728 1892 hic
751 1833 886 1895 castellot
907 1833 941 1895 in
963 1825 1100 1896 antrist’

484 1941 579 2018 lupus
610 1937 650 1998 ad
672 1939 802 2001 luteum.
1035 2006 1039 2011 ,

241 2051 336 2110 ‘Dum
351 2051 469 2130 sprevit
484 2053 809 2128 stabulunuttostrurn
824 2051 950 2114 divertit
961 2051 998 2113 ad
1018 2063 1153 2129 antrum,

238 2155 277 2218 Et
297 2170 402 2218 manet
418 2159 577 2239 insopitis,
599 2160 714 2221 nostris
733 2158 876 2221 'addictus
898 2160 1039 2223 habenis.

137 2269 199 2327 195
242 2266 317 2327 Jure
340 2269 431 2328 fruor
452 2280 549 2344 torto,
577 2269 652 2351 quia
673 2270 749 2331 vivit
769 2281 910 2350 tempore
931 2280 1039 2349 tant03

236 2373 291 2435 Me
312 2385 397 2436 tenet
417 2375 512 2453 lusjus
534 2398 639 2453 amor,
659 2377 808 2459 legirupis
829 2378 896 2459 ipse
919 2378 1068 2453 vocabor,

238 2483 334 2544 Mane
363 2483 416 2546 sed
439 2485 578 2569 officium
601 2487 694 2548 facist
715 2486 794 2549 mihi
813 2507 900 2549 more
928 2507 1069 2564 suorum,

186 2651 189 2656 .
213 2591 216 2598 “
239 2591 403 2672 Sanguinis
425 2617 465 2657 ex
486 2597 579 2657 salice
602 2609 690 2658 roret
712 2596 878 2658 siccamina
905 2597 1039 2676 linguae,

238 2700 369 2763 Proluet
395 2690 446 2763 hie
468 2712 562 2781 potus
585 2703 785 2781 spurcamina
806 2703 941 2784 pectoris
964 2705 1067 2786 hujus.

132 2815 196 2870 200
238 2809 299 2871 Hic
321 2810 404 2870 fossa
434 2820 478 2869 est
500 2809 619 2888 ingens,
641 2811 714 2874 hinc
732 2832 829 2894 rupes
851 2813 1152 2895 maximopendens:

238 2915 394 2994 Mergitur
412 2915 446 2975 in
464 2914 619 2995 fluvium,
650 2939 792 2999 mergens
814 2918 893 2982 edu'c
913 2921 1087 3000 fugitivum,

241 3021 274 3085 Si
299 3022 420 3086 scandit
439 3046 569 3106 rupem,
595 3041 774 3109 prosternes
796 3031 880 3093 hunc
898 3035 938 3093 ub
962 3031 1088 3112 eadem3

239 3131 289 3194 Ne
311 3153 369 3198 nos
403 3133 562 3215 inplanet,
596 3151 741 3200 constans
767 3153 821 3201 tus
845 3142 948 3204 cautio
970 3152 1067 3202 curet.

239 3241 330 3303 Tunc
351 3243 429 3305 mihi
451 3263 541 3306 cartis
563 3244 641 3323 eris,
664 3259 767 3309 custos
790 3248 817 3310 si
837 3249 990 3330 providus
1011 3248 1111 3314 adsis!

599 3355 693 3417 luter.

132 3462 196 3522 205
241 3459 320 3521 ‘Hoc
342 3478 476 3541 sequar,
499 3462 559 3522 hoc
580 3463 645 3524 fixo
668 3477 852 3548 conceptum
875 3466 969 3528 corde
990 3467 1125 3529 tenebo?
1223 3525 1225 3530 .

197 3551 358 3651 Armiger
384 3573 514 3650 ericius,
535 3577 653 3641 clavata
675 3577 807 3642 sindone
830 3592 938 3660 tectus,
1039 3561 1042 3564 ι

170 3716 190 3729 2
239 3686 307 3748 Nee
328 3684 431 3750 studio
458 3690 611 3768 citharae,
634 3715 692 3755 nec
718 3716 825 3756 musae
848 3693 971 3756 deditus
1002 3694 1067 3772 ulli,

243 3795 295 3858 Fit
315 3797 455 3878 capitale,
475 3800 544 3881 lupi
564 3803 750 3865 citharizans
775 3806 868 3885 sortia
890 3803 974 3880 belli,
995 3827 998 3832 ·

240 3906 390 3982 Romam,
422 3931 474 3973 res
492 3914 587 3977 laetas
608 3929 639 3978 et
661 3936 813 3999 prospera
832 3935 976 3999 quaeque
997 3927 1152 3991 retexens,

137 4008 426 4054 ...Λ-..-

206 4112 258 4164 sss
277 4110 373 4180 pepttis
390 4113 455 4168 ΑΒ,
528 4119 580 4170 100
599 4130 701 4180 census
719 4119 753 4172 Α.
774 4131 885 4197 ¹cernens
904 4117 935 4169 B.
