2640 4650
346 306 655 378 nuoomuu
699 304 890 392 fragmvt.
1070 304 1133 371 mo

1020 426 1130 444 —·-!··

157 560 161 568 ·
197 542 360 622 Quidum
384 553 558 617 venerunt,
588 560 693 603 coram
715 550 836 603 rectore
857 549 1019 614 steterunt,

193 654 300 717 Ruina
325 649 468 732 ridendo,
490 662 607 713 terram
623 671 679 712 rea
699 645 933 736 conspiciendo.

124 814 127 821 .
198 763 336 841 Rector,
357 760 432 824 dum
455 759 554 838 vidit,
577 758 663 843 quod
684 759 770 837 risit,
791 757 960 838 ‘pessime’,
991 755 1080 833 dixit,
1143 735 1153 756 x

196 873 321 952 tRides,
344 893 414 939 cum
435 881 563 934 cunctos
586 868 647 944 bic,
668 865 778 929 flentes
807 888 877 931 cum
895 865 1003 932 videas
1021 887 1091 931 noa.

114 992 156 1048 25
197 981 282 1062 Quid
305 982 527 1056 succensebas,
549 976 637 1062 quod
658 999 732 1039 eum
753 977 797 1040 sic
819 973 1070 1040 martiriaabasi’

199 1092 305 1157 Rulus
325 1091 390 1154 ait:
417 1087 546 1152 ‘dentes‘
559 1088 637 1150 mihi
658 1085 836 1169 dempserat
858 1085 1031 1150 anteriores

202 1199 253 1267 (lb
285 1202 405 1264 unllam
427 1218 569 1274 calisam,
591 1197 653 1259 nisi
673 1195 761 1280 quod
781 1194 847 1259 sedi
872 1217 971 1279 prope
995 1197 1135 1278 neptim?

198 1311 359 1383 Dixitetc
384 1309 508 1372 ‘ancilla
530 1319 585 1370 tna
605 1307 708 1387 neptis
730 1305 757 1367 si
786 1306 845 1368 luit
867 1306 930 1383 illa,
977 1342 982 1349 ·

92 1414 95 1419 ’
203 1420 270 1485 Cur
288 1421 370 1483 lrsnc
400 1421 584 1502 stuprabas3
605 1417 714 1480 sceleri
735 1417 835 1479 scelus
860 1413 1050 1480 adiciebas?'

117 1544 159 1598 30
202 1531 305 1594 Rufus
314 1529 386 1599 ,aits
414 1533 481 1593 ‘eur
502 1549 552 1591 me
571 1517 713 1612 [mulier]
738 1537 907 1588 attraxerat
934 1525 974 1590 ad
995 1522 1053 1590 se?

204 1639 286 1724 [Gur
326 1681 542 1706 .....
587 1637 622 1699 ui
645 1646 766 1718 peteret
787 1635 872 1714 me].’

204 1749 293 1828 Quae
313 1759 436 1813 tantum
456 1748 562 1826 flevit,
586 1747 675 1810 rivus
702 1744 838 1807 lacrimis
858 1744 904 1807 ibi
925 1744 1011 1829 qnod
1032 1748 1077 1811 fit.
1137 1759 1250 1817 lomb.

201 1861 252 1925 Ex
272 1859 372 1924 oculis
393 1859 518 1940 sanguis
540 1857 689 1939 posthaec
710 1854 804 1916 fluxit
827 1854 887 1917 sibi
906 1856 1043 1936 grandia.

199 1972 372 2053 Postquam
393 1967 569 2044 convaluit,
590 1963 676 2050 quod
698 1963 776 2049 quid
798 1966 858 2027 fari
879 1969 972 2043 valet,
994 1970 1115 2053 inquit:

121 2086 161 2142 3⁵
206 2079 247 2145 ‘0
269 2080 362 2140 nimis
382 2061 496 2154 infide,
516 2099 572 2140 cur
594 2077 638 2140 sic
665 2075 798 2138 mentire
819 2096 916 2158 super
937 2074 1010 2140 me?

205 2184 404 2266 Exemplaris
423 2183 541 2255 Adam,
562 2184 616 2267 qui
634 2173 757 2268 culpam
780 2185 874 2248 vertit
903 2185 936 2249 in
957 2185 1067 2251 Evam.

208 2294 284 2357 Non
306 2305 378 2376 post
399 2304 431 2357 to
449 2293 538 2372 misi,
558 2315 622 2357 uon
643 2307 674 2357 te
696 2297 804 2377 prins,
835 2294 949 2377 impie,
975 2294 1052 2361 vidi.

204 2405 259 2467 Me
280 2424 351 2467 cum
370 2402 533 2487 promissis
554 2404 722 2469 mendosis
734 2403 919 2487 decipiebas.

205 2511 281 2578 Non
304 2530 361 2594 ego
387 2511 523 2577 delendo
546 2511 633 2597 quod
654 2514 731 2591 feci,
754 2511 808 2575 sed
830 2534 918 2593 mage
939 2511 1055 2576 damno

121 2627 164 2688 to
204 2620 299 2702 Quod
320 2636 357 2687 tu
377 2623 494 2702 fecisti,
515 2644 565 2684 me
588 2622 771 2686 consiliante
783 2606 933 2704 patiani.

199 2734 278 2799 Nou
300 2754 375 2814 ego,
398 2714 568 2809 cbnfiteor,
589 2732 697 2793 ulcisci
721 2752 771 2793 me
790 2752 885 2815 anper
908 2743 994 2814 opto.

200 2841 369 2919 iudicium,
403 2854 519 2917 rector,
551 2840 622 2903 fieri
643 2840 767 2906 differto
790 2862 972 2925 parumper,

201 2951 313 3011 Donec
334 2965 476 3009 accusem
501 2960 632 3024 memet,
666 2945 765 3010 donec
787 2971 916 3035 quoque
941 2950 1098 3014 damnem.

205 3057 271 3130 En,
293 3072 362 3113 mea
379 3051 475 3129 judex
498 3067 565 3127 sto,
598 3055 672 3137 quio
693 3056 783 3119 valde
800 3060 906 3122 'libens
928 3062 1082 3125 tolerabo.

122 3169 162 3227 45
208 3161 244 3224 Si
264 3182 315 3222 me
335 3159 486 3243 suspendi
507 3162 602 3225 vrrltis
620 3183 716 3243 snper
736 3165 849 3229 arbore
869 3170 989 3247 grandi,
1028 3203 1033 3217 ·

208 3269 320 3333 Redite
345 3272 522 3346 caesariem,
543 3271 576 3332 in
601 3273 724 3352 longam
750 3277 874 3353 plectite
896 3281 1015 3358 funem,

206 3382 388 3462 Stronguler
407 3394 442 3445 ut
458 3405 516 3467 per
544 3403 623 3461 eam,
646 3404 705 3465 per
720 3405 814 3467 quam
833 3409 887 3452 rea
912 3411 1005 3473 saepe
1017 3390 1140 3458 fiebam.

208 3490 270 3555 Sed
292 3512 391 3573 rogo,
410 3505 482 3575 post
501 3490 642 3557 triduum
663 3514 777 3577 corpus
801 3499 915 3563 tollatis
937 3513 972 3563 ut
991 3501 1096 3583 ipsum

206 3603 246 3667 Et
266 3605 471 3681 comburatis,
499 3603 533 3665 in
555 3624 670 3687 aquam
689 3604 823 3668 cinerem
843 3609 972 3689 jaciatis,

122 3725 163 3780 ⁵0
210 3713 259 3777 Ne
276 3715 369 3792 jubar
390 3711 561 3776 abscondat
584 3713 633 3777 sol
655 3724 710 3776 aut
739 3736 793 3777 aer
814 3730 905 3797 neget
930 3717 1075 3797 imbrem,

205 3814 256 3885 Ns
273 3844 332 3903 per
352 3843 403 3885 me
423 3821 543 3902 grando
566 3820 687 3884 dicatur
706 3822 832 3886 laedere
859 3824 989 3892 mundo.

206 3932 359 3993 Inclusam
378 3952 451 3997 vase
472 3932 565 3995 vultis
586 3934 786 4011 submergere
807 3934 833 3996 si
854 3958 915 4012 ma,

207 4038 338 4126 peloris
360 4037 392 4101 in
415 4060 506 4116 vase,
528 4040 613 4125 quod
638 4041 712 4117 leci,
736 4043 903 4120 notificate,
1032 4100 1040 4109 .

206 4147 369 4214 Invenient
391 4147 446 4233 qni
468 4171 528 4228 me,
550 4171 589 4210 ne
611 4165 813 4229 praesumant
834 4149 987 4233 sepelire,
