2640 4650
477 296 855 381 wnnrfltttws.
1133 299 1176 367 45

280 537 321 597 Et
343 533 432 595 citius
453 551 584 614 pergens
604 531 677 592 luco
702 527 832 592 succede
854 532 1045 614 propinquo.

280 647 337 707 Ast
360 663 415 722 ego
437 642 471 706 in
494 661 623 703 ascensu
646 639 761 702 montis
782 640 950 702 subsistere
973 643 1055 703 malo

277 755 431 819 Eventum
455 751 639 833 opperiens,
668 749 936 833 adventantesque
958 752 1122 813 salutans.'

151 870 232 926 1225
279 860 475 945 Obsequitur
496 860 585 925 dictis
607 861 792 939 virguncula
813 863 895 922 clara
915 862 1062 936 jubentis.
1142 841 1154 856 ⁸

274 973 331 1034 llle
355 974 438 1033 celer
459 982 582 1030 scutum
604 970 726 1046 collegit
747 978 777 1028 et
800 967 920 1028 excutit
940 971 1078 1045 hastam,
1140 1037 1143 1041 ,
1180 1004 1184 1015 =

270 1081 373 1160 Ignoti
394 1098 497 1141 mores
521 1076 634 1160 equitis
656 1073 837 1156 temptando
860 1080 918 1138 sub
943 1079 1047 1140 armis.

273 1191 367 1251 Hunc
388 1209 446 1249 rex
468 1187 649 1264 incursans,
680 1186 846 1247 comitante
871 1184 1017 1263 satellite,
1048 1184 1174 1250 demens

274 1295 407 1357 Eminus
432 1296 530 1355 aflatu
550 1295 716 1375 compellat
735 1293 826 1357 valde
849 1295 987 1372 superbo

151 1409 234 1464 1230
277 1404 403 1464 ‘Hostis
422 1416 532 1478 atrox,
547 1394 624 1464 ¹nisu
649 1400 822 1464 deluderis!
867 1422 936 1463 ecce
958 1403 1095 1464 latebrae

273 1512 422 1574 Protinus
446 1512 614 1590 absistunt,
646 1533 686 1573 ex
707 1511 813 1593 queis,
845 1508 1132 1588 demoreliciscae

237 1693 244 1706 ⁶
273 1621 431 1684 Dentibus
456 1619 641 1683 infrendens
662 1619 797 1700 rabidis,
828 1622 944 1683 latrare
963 1625 1097 1688 solebas.

271 1733 320 1794 En
342 1731 376 1792 in
398 1732 586 1813 propatulo,
609 1730 635 1792 si
656 1732 720 1807 vis,
749 1731 907 1811 confligito
932 1755 1060 1815 campo,

271 1839 464 1922 Experiens,
492 1839 564 1903 finis
587 1841 614 1902 si
633 1843 698 1904 iors
722 1854 816 1925 queat
838 1843 1039 1924 aequiperari

148 1956 230 2012 1235
272 1950 443 2031 Principio.
485 1951 567 2026 scio,
598 1952 758 2012 fortunam
782 1949 926 2035 mercede
948 1956 1082 2034 vocasti,

272 2057 456 2141 Idcircoque
480 2062 584 2137 lugam
607 2060 742 2137 tampnis
763 2080 820 2120 seu
845 2057 1055 2120 deditionem?

230 2145 434 2249 Alpharides
456 2183 565 2230 contra
587 2169 652 2246 regi
674 2189 738 2229 non
761 2167 900 2230 reddidit
924 2173 1004 2245 ulla,

277 2279 355 2360 Sed,
378 2282 473 2342 vuelut
495 2280 568 2343 hinc
589 2280 720 2359 surdus,
750 2283 812 2342 alio
834 2282 1026 2346 convertitur
1047 2288 1150 2362 ajens:

185 2432 189 2447 .
273 2388 337 2450 ‘Ad
359 2402 388 2450 te
411 2409 514 2452 sermo
538 2391 631 2465 mihi,
659 2390 807 2470 Hagano,
836 2392 968 2454 subsiste
988 2414 1171 2476 parumper.

146 2501 228 2560 1240
272 2495 373 2575 Quid,
401 2519 497 2578 rogo,
524 2512 587 2561 tam
610 2498 708 2561 fidum
731 2500 836 2561 subito
859 2501 991 2563 mutavit
1011 2501 1170 2565 amicum?

269 2607 313 2671 Ut
330 2606 521 2671 discessurus
545 2630 646 2689 nuper
668 2611 722 2674 vix
745 2629 837 2691 posse
861 2611 972 2695 reuelli

232 2763 235 2766 >
270 2716 333 2793 Qui
354 2719 470 2781 nostris
491 2720 576 2781 visus
598 2719 702 2780 suerat
725 2718 941 2799 complexibus
960 2719 1052 2796 ultro,

267 2825 371 2888 Nullis
391 2848 503 2908 nempe
523 2827 612 2890 ntalis
631 2828 734 2888 laesus
756 2831 820 2892 nos
838 2838 964 2907 appetat
984 2828 1087 2890 amuis.

269 2931 461 3012 Sperabam,
489 2937 605 3014 fateor,
635 2933 742 3012 dete,
772 2933 827 2997 sed
849 2933 984 3018 denique
1010 2937 1111 2997 fallor.

147 3039 228 3097 1245
273 3036 368 3111 Quod
390 3040 417 3104 si
438 3039 477 3100 de
501 3042 597 3104 exilio
622 3041 807 3104 redeuntem
831 3053 927 3121 nosse
942 3044 1082 3119 valeres,

270 3147 341 3227 lpse
362 3148 529 3210 salutatum
544 3152 692 3212 mihimet
713 3171 789 3212 mox
808 3151 919 3214 obvius
941 3154 1018 3227 ires,

270 3254 310 3316 Et
332 3256 404 3318 licet
425 3258 558 3322 invitum
579 3260 708 3341 hospitii
728 3260 869 3342 requiete
893 3262 1035 3335 foveres,

266 3366 461 3452 Pacificeque
482 3370 520 3431 in·
536 3391 631 3451 regna
654 3373 752 3452 patris
775 3369 929 3434 deducere
952 3373 1060 3432 velles.

141 3513 422 3529 m

213 3589 448 3642 inassuetas.
511 3596 580 3644 1223
606 3610 713 3645 accessu
738 3594 760 3647 l.
823 3590 1031 3643 tetstatur.
1094 3595 1165 3642 1228

139 3676 214 3753 Tune
232 3679 264 3733 l).
320 3684 391 3731 1230
412 3682 535 3735 deludens
556 3684 586 3737 C.
644 3689 710 3737 1231
732 3685 851 3750 Vndique
870 3684 992 3736 defensus
1010 3684 1110 3749 fragilis
1128 3683 1163 3734 de

137 3783 210 3822 more
235 3770 337 3824 tensae
361 3772 383 3826 l.
448 3778 515 3825 1231
542 3777 637 3841 etqui
662 3777 844 3832 demeret).
909 3779 978 3827 1232
998 3776 1122 3828 Sentibus
1140 3775 1163 3830 I.

137 3860 240 3912 colebat
263 3863 284 3914 l.
340 3867 411 3915 1232
434 3866 517 3918 rabidi
535 3867 568 3919 1).
626 3871 694 3918 1233
722 3883 822 3920 mecum
850 3868 982 3933 confligite
1004 3867 1036 3918 D.
1093 3867 1163 3917 1233

64 3948 69 3955 ’
138 3949 180 4002 Ex
194 3951 253 4004 inl.
291 3956 360 4006 1234
374 3957 519 4024 equiperari
531 3960 603 4013 M).
641 3963 711 4011 1236
723 3945 892 4028 diminutione
906 3958 937 4009 Β.
969 3961 1039 4008 1238
1052 3956 1116 4007 alias
1129 3955 1162 4009 1).

139 4042 204 4094 1241
228 4046 324 4095 renecti
342 4050 373 4100 Α.
393 4057 420 4099 et
438 4049 599 4104 discessurus
611 4053 644 4106 1).
683 4054 752 4103 1242
771 4051 841 4103 nisus
852 4052 882 4105 C.
902 4065 963 4101 usus
978 4049 1010 4103 1).
1021 4048 1053 4101 E.
1092 4048 1179 4100 12431

136 4135 239 4202 appetit
258 4136 288 4188 C.
337 4140 402 4188 1241
427 4144 515 4207 requie
537 4144 667 4199 refoverer
683 4144 716 4196 l).
769 4147 837 4194 1248
856 4141 1042 4208 pacificumque
1059 4141 1089 4192 l).
