2640 4650
425 317 428 320 ’
477 311 858 380 WAL'l'HARlUS.
1138 317 1180 379 33

257 551 296 611 Et
318 562 349 612 te
369 528 574 624 conservans,
603 546 786 608 melioribus
809 557 897 607 utere
920 546 1002 608 latis.

260 663 394 737 Desine,
418 681 491 731 nam
511 671 567 720 tua
588 658 619 720 te
641 659 767 722 fervens
789 656 902 718 fiducia
925 659 1023 738 fallit3

261 772 403 835 Heroum
423 781 469 832 tot
489 789 582 830 cerne
604 788 695 830 neces
718 780 748 829 et
771 764 845 827 cede
868 765 991 844 duello,

154 889 215 944 885
259 881 309 944 Ne
333 901 479 962 suprema
502 878 612 940 videus
633 878 738 939 hostes
758 877 852 937 iacias
868 879 955 956 „mihi
977 880 1103 959 plures.’

257 989 360 1067 ‘Quid
376 990 422 1052 de
444 999 546 1050 morte
568 1008 640 1048 mea
663 987 768 1048 curas'
794 989 836 1049 ait
857 989 909 1048 ille
933 984 1093 1050 ‘tirannei‘

255 1101 311 1162 En
323 1099 418 1162 modo
431 1095 635 1180 pugnandum
649 1096 787 1176 tibimet,
809 1117 874 1158 non
890 1077 1184 1161 sermocinandum
1214 1149 1219 1154 ,

260 1208 369 1285 Dixit,
391 1221 420 1270 et
441 1210 475 1269 in
496 1209 595 1271 verbo
618 1205 769 1270 nodosam
791 1205 924 1271 destinat
945 1209 1081 1287 hastam,

262 1317 397 1399 Cuspide
420 1339 512 1400 quam
543 1318 673 1399 propria
696 1315 853 1381 divertens
875 1321 1035 1380 transtulit
1064 1321 1175 1397 heros,

158 1434 220 1489 890
264 1425 353 1503 Quae
375 1429 521 1489 subvecta
543 1426 624 1489 coris
647 1449 682 1488 ac
702 1428 823 1489 viribus
849 1440 915 1489 acta
937 1429 1071 1490 furentis

261 1539 297 1598 in
322 1551 455 1599 castrum
477 1537 562 1600 venit
585 1550 678 1620 atque
701 1536 796 1618 pedes
819 1539 901 1600 stetit
922 1551 994 1600 aute
1016 1541 1149 1620 puellae.
1189 1586 1191 1589 -

259 1648 332 1729 Ipsa
353 1662 436 1710 metu
458 1640 602 1729 perculsa
627 1667 739 1709 sonum
760 1649 915 1730 prompsit
937 1649 1133 1711 muliebrem.

259 1759 315 1838 At,
344 1772 510 1843 postquam
533 1758 635 1818 tenuis
657 1757 738 1819 redit
759 1760 792 1819 in
814 1759 999 1840 praecordia
1021 1761 1137 1835 virtus,
1210 1814 1218 1839 ,

259 1866 587 1958 Pauluml'suspiciens
610 1880 743 1947 spectat,
773 1890 849 1930 nmn
872 1868 992 1932 viveret
1014 1871 1118 1933 heros.

156 1990 219 2046 895
233 1953 346 2040 Tunc
371 2001 499 2061 quoque
521 1980 570 2040 vir
591 1963 686 2039 'fortis
707 1979 864 2041 Francum
890 1961 1039 2043 decedere
1063 1985 1147 2045 bello

264 2092 370 2154 iussit.
415 2104 446 2152 at
467 2093 521 2157 ille
542 2093 651 2151 furens
674 2090 810 2166 gladium
832 2088 980 2165 undavit,
1003 2104 1033 2151 et
1054 2094 1157 2173 ipsum

263 2202 432 2260 incurrens
454 2197 561 2277 petiit,
582 2197 762 2278 vulnusque
784 2220 801 2259 a
822 2196 935 2259 vertice
956 2198 1061 2260 librat.

263 2303 448 2386 Alpharides
470 2326 610 2385 parmam
634 2303 759 2367 demum
782 2305 979 2368 concusserat
1000 2322 1119 2389 aptam,

263 2415 303 2477 Et
324 2417 496 2496 spumantis
519 2416 587 2498 apri
610 2413 757 2477 frendens
780 2413 818 2476 de
840 2434 927 2477 more
949 2420 1081 2480 tacebat.

157 2530 219 2584 900
263 2528 318 2587 Ille
341 2525 435 2587 ferire
457 2529 584 2603 rolens,
606 2547 638 2588 se
661 2528 794 2607 pronior
815 2524 916 2587 omnis
939 2525 978 2588 ad
1000 2528 1095 2590 ictum

262 2636 432 2715 Exposuit3
460 2635 515 2696 sed
540 2620 737 2697 Waltharitts
759 2638 818 2697 sub
841 2635 974 2713 tegmine
995 2635 1098 2694 ilexus

263 2745 413 2819 Delituit,
439 2766 616 2827 corpusque
638 2764 729 2805 suum
753 2742 925 2815 contraxit,
948 2752 979 2801 et
999 2763 1068 2802 ecce
1137 2723 1139 2727 i

264 2856 405 2913 Vulnere
432 2853 558 2914 delusus
578 2854 701 2930 juvenis
721 2850 881 2914 recidebat
901 2851 1037 2932 ineptus.
1092 2876 1097 2887 ·

269 2961 354 3021 Finis
375 2973 457 3037 erat3
482 2935 652 3040 nisi⁰quod
674 2963 807 3037 genibus
828 2962 940 3022 tellure
961 2959 1067 3021 refixis

161 3074 222 3126 905
268 3068 403 3142 Belliger
425 3067 586 3138 accubuit,
614 3067 807 3146 calibem¹que
830 3069 888 3127 sub
913 3068 989 3126 orbe
1011 3070 1149 3130 cavebat.

265 3172 324 3231 llic
346 3168 421 3231 dum
444 3173 619 3251 consurgit,
649 3173 769 3254 pariter
791 3196 823 3236 se
846 3172 978 3250 subrigit
999 3174 1069 3251 ille,

268 3286 312 3342 Ac
333 3281 423 3346 citius
445 3292 568 3342 scutum
591 3262 731 3362 trepidus
754 3283 814 3345 sibi
835 3285 1004 3364 praetulit,
1026 3296 1120 3368 atque

265 3391 395 3453 Frustra
415 3403 571 3453 certamen
594 3413 748 3454 renovare
769 3395 911 3474 parabat.
955 3408 986 3456 at
1007 3396 1097 3458 illum

264 3499 451 3580 Alpinarides
473 3499 536 3561 lixa
556 3500 660 3580 gladio
683 3504 759 3583 petit
783 3506 869 3566 ocius
891 3505 994 3591 hasta,

158 3616 220 3670 910
265 3609 304 3669 Et
327 3608 460 3670 mediam
483 3612 573 3692 clipei
594 3611 728 3692 dempsit
750 3628 836 3676 vasto
859 3616 973 3693 impete
997 3625 1135 3693 partem,

262 3719 427 3780 Hamatam
451 3741 592 3782 resecans
615 3720 744 3783 loricam
765 3736 858 3806 atque
878 3723 933 3782 ilia
954 3722 1088 3783 nudans.

263 3826 396 3889 Labitur
416 3831 527 3889 infelix
548 3827 695 3892 Patavrid
718 3849 775 3890 sna
796 3832 915 3894 viscera
936 3851 1081 3902 cernens,

165 3981 466 3996 *m

230 4079 287 4124 890
304 4060 437 4128 cboiisc.
492 4080 545 4127 893
565 4079 717 4144 praecordia
735 4079 840 4144 sanguis
860 4077 891 4128 Β.
943 4077 996 4127 909
1018 4072 1135 4124 conterit
1153 4073 1183 4123 C.

157 4165 211 4214 008
224 4164 288 4216 orbe
302 4155 412 4216 acucbn‘t
423 4165 560 4231 (Moiter).
597 4171 648 4218 911
666 4174 776 4218 amatam
792 4171 822 4220 Α.
842 4161 1005 4216 armararii).
1025 4178 1141 4216 resersus
1151 4162 1183 4214 li.

887 4273 906 4325 3
