2640 4650
198 240 262 303 ata
578 230 841 295 ltcssastS.

202 354 533 371 ’,ψ’-.-.η
544 352 605 361 ..—

651 465 771 543 vulpes·

303 576 466 657 ‘Stagnum
490 574 659 635 Geuceauet
680 593 751 633 cum
777 571 871 633 lulica
893 570 1152 655 tranavolitaret,
1199 559 1208 571 ⁵

304 688 358 746 llle
380 686 446 745 viaa
468 681 577 755 rediit,
604 680 642 741 de
665 692 694 741 te
717 699 793 740 mox
814 679 889 740 talia
910 675 1040 760 pandit:

304 792 406 854 ”Cara
424 810 517 852 eonon
534 791 652 870 vulpes,
670 809 823 870 quaenam
846 808 928 851 nova
946 787 1094 850 trictibus
1112 791 1241 858 affere?

307 902 355 961 An
381 902 430 959 leo
456 899 630 972 convaluit,
653 918 745 978 quem
772 897 902 976 punctio
926 893 994 957 dira
1013 898 1197 975 gravavit?

199 1014 263 1072 450
306 1008 359 1071 Fit
380 1010 522 1088 plancius
544 1005 670 1085 grandis
690 1008 723 1067 in
745 1007 887 1086 partibus
906 1005 969 1065 iace
990 1007 1144 1071 marinis.

283 1114 445 1193 Ι(ἕιιπίιο,
466 1116 595 1191 leelina,
628 1117 701 1177 latet
723 1115 783 1177 hoc
806 1111 1010 1175 medicamine
1032 1113 1114 1177 vita.

306 1222 400 1301 Quod
424 1226 480 1287 tibi
505 1245 679 1306 compono,
700 1243 853 1304 compone
874 1220 1006 1283 fideliter
1026 1243 1141 1304 aegro,

306 1335 351 1398 llt
374 1336 428 1399 lias
449 1335 553 1415 agilis,
578 1356 634 1396 nec
658 1355 742 1395 erres
766 1333 926 1395 montibus
945 1331 1023 1411 istie,

305 1446 372 1506 llac
395 1446 455 1506 iter
469 1444 508 1505 ad
530 1446 648 1505 laevam
660 1487 669 1519 ,
690 1464 748 1523 per
770 1440 855 1524 quod
880 1440 1057 1505 descendite
1076 1443 1238 1525 Romam,

197 1560 260 1618 455
304 1552 481 1631 Burdegulo
505 1566 605 1614 castro
628 1572 722 1613 cursu
743 1548 852 1613 tendas
880 1564 1060 1633 properato,

304 1663 468 1724 Peitucluu
491 1674 649 1737 occurret,
676 1660 756 1739 regie
780 1662 915 1723 tentoria
938 1676 1080 1744 quaeret,

303 1769 354 1831 llli
380 1778 456 1830 mox
482 1767 580 1842 dices,
613 1789 693 1849 quae
715 1780 790 1831 tttnc
814 1768 983 1831 certissima
1005 1770 1104 1835 eciest
1134 1852 1139 1859 ¹

303 1877 385 1939 Nam
410 1876 475 1955 regi
498 1877 626 1937 domino
648 1874 760 1958 auplex
784 1880 926 1941 oramina
947 1878 1096 1943 mando.”

303 1987 390 2049 Haec
411 1983 517 2047 dicens
546 1983 655 2063 rediit,
688 1988 772 2067 pacis
793 1988 886 2049 simul
909 1987 1014 2049 oacula
1035 1992 1166 2068 pressit.

186 2082 259 2159 ”460
303 2094 434 2157 Finibus
457 2094 580 2172 italicis,
603 2095 693 2157 sessis
716 2117 786 2158 cum
808 2099 923 2158 robore
942 2093 1101 2173 membris,

299 2205 394 2267 More
418 2203 576 2285 peregrini
598 2204 714 2266 mirans
748 2204 878 2286 ripatica
898 2203 986 2283 Padi,

301 2315 388 2375 Dum
409 2334 510 2395 prope
530 2314 662 2393 perveni
683 2314 839 2393 pontatica
867 2315 930 2377 fixa
952 2314 1064 2392 Ticini,

298 2423 437 2485 Venerat
458 2423 610 2483 immenso
635 2441 779 2483 nauarent
801 2424 920 2485 ciconia
940 2434 1054 2488 rostro.

297 2526 404 2590 Fulica
426 2549 506 2610 quac
529 2527 625 2606 dixit,
648 2526 755 2591 eadem
781 2530 976 2610 gemebunda
998 2532 1152 2612 revolvit3

192 2639 255 2701 465
301 2636 429 2701 Addidit
451 2641 512 2701 hoc
534 2640 656 2716 solum,
678 2652 817 2702 sanctum
841 2641 1001 2723 deposcier
1023 2622 1156 2724 Aprum,

297 2724 467 2828 Praeparat
492 2749 637 2829 incepta,
679 2750 853 2814 conformet
881 2765 929 2814 tot
950 2752 1027 2814 mibi
1046 2754 1151 2830 jussa?

616 2859 665 2919 leo
688 2858 788 2938 vulpi.

296 2961 347 3023 De
369 2974 400 3023 te
420 2963 517 3024 multa
539 2965 664 3042 volant,
694 2986 774 3048 quae
796 2967 892 3030 vitam
914 2968 1041 3030 crimine
1065 2973 1218 3050 turpant.’

383 3148 386 3153 Α
638 3075 758 3157 vulpes.

296 3173 448 3240 ‘Circator
470 3180 592 3257 veniat,
613 3180 729 3243 dictum
760 3183 860 3244 scelus
882 3202 974 3244 omne
996 3184 1154 3263 revolvat3

296 3280 331 3343 st
350 3282 478 3363 dignum
501 3289 611 3365 morti,
644 3311 737 3370 cogar
758 3294 960 3353 succumbere
986 3293 1057 3370 legi,

105 3444 125 3471 Ι,
189 3391 251 3450 470
294 3389 421 3455 Judlcor
441 3396 595 3474 innocua,
617 3398 737 3461 domini
755 3402 897 3462 laetabor
918 3402 951 3461 in
973 3400 1065 3464 aula!

239 3522 243 3528 ’
295 3500 395 3563 Totus
415 3506 564 3567 conticuit
583 3527 677 3586 grex,
697 3518 790 3588 atquc
810 3510 910 3572 crucis
928 3511 1013 3572 siluit
1030 3510 1094 3571 lex.
1183 3526 1187 3533 ·

224 3616 226 3620 ’
383 3612 388 3621 ’
633 3593 756 3694 vulpes.

293 3715 460 3801 ‘Quicquid
474 3724 532 3784 eub
551 3736 634 3784 terra
652 3737 713 3801 eet,
737 3725 769 3786 in
793 3728 943 3808 apricum,
956 3726 1095 3805 proferet
1116 3737 1210 3805 aetas,

290 3823 418 3904 Singula
451 3828 489 3890 de
513 3831 604 3891 nobie
629 3835 702 3895 anni
726 3835 899 3917 perdentur
918 3842 1039 3909 euntes,

185 3966 462 3984 Ἤ...-

252 4040 306 4089 468
325 4044 397 4093 zelus
417 4046 447 4094 Α.
