2640 4650
426 299 802 372 wlnrnauws.
864 280 887 315 ·’
1086 309 1129 372 27

215 538 422 619 Temptarim,
453 555 507 596 seu
530 555 594 616 quo
619 533 737 610 merui,
769 531 854 615 quod
877 536 949 594 talia
972 537 1088 615 possim

215 650 289 708 lure
306 648 384 728 pati3
407 646 523 724 absque
540 663 628 704 mora
647 656 699 704 tua
714 663 763 702 sne
776 644 1008 705 transverberet
1024 647 1130 707 hasta!

159 763 170 774 '
214 752 356 814 Necdum
378 753 554 812 sermonem
577 752 788 825 concluserat,
814 769 852 809 en
877 749 1108 814 Scaramundus

212 862 318 924 Unum
342 860 379 922 do
406 861 488 922 binis
514 859 625 920 hastile
647 857 774 920 retorsit
795 860 828 919 in
850 858 957 936 illum,
1083 856 1088 861 ’

212 969 447 1051 Confestimque
471 967 566 1029 aliud.
610 987 746 1048 quorum
769 968 988 1030 celeberrimus
1013 974 1107 1034 heros

210 1079 318 1140 Unum
341 1078 473 1153 devitat,
501 1077 601 1158 quatit
623 1097 664 1135 ex
685 1077 822 1136 umbone
838 1075 1026 1140 secundum.

211 1190 300 1249 Tunc
324 1187 419 1248 aciem
441 1185 536 1265 gladii
558 1205 705 1267 promens
727 1183 959 1246 Scaramundus
982 1191 1077 1264 acuti,

215 1299 341 1358 Proruit
358 1298 390 1356 in
409 1280 570 1374 juvenem,
598 1295 725 1374 cupiens
743 1293 960 1374 praescindere
981 1292 1129 1378 frontem,
1174 1302 1176 1306 ’

212 1404 395 1484 Effrenique
417 1403 450 1463 in
474 1424 555 1483 equo
578 1403 709 1483 propius
730 1403 876 1464 devectus
898 1402 937 1463 ad
958 1405 1061 1483 illum,

214 1512 290 1574 Non
312 1512 411 1574 valuit
434 1512 526 1592 capiti
547 1514 694 1573 libratum
719 1510 870 1572 infindere
892 1514 1018 1575 vulnus.

215 1621 277 1684 Sed
300 1623 444 1710 capulum
470 1624 573 1702 galeae
596 1621 740 1702 impegit,
773 1621 858 1683 dedit
881 1621 934 1682 illa
955 1624 1109 1683 resultans

214 1732 377 1809 Tinnitus,
405 1731 572 1813 ignemque
595 1733 689 1792 simul
703 1731 880 1802 ‚transfudit
904 1731 942 1793 ad
966 1755 1067 1796 auras.

213 1840 274 1904 Sed
296 1862 360 1902 non
383 1839 583 1921 cornipedem
606 1841 709 1921 potuit
733 1842 835 1918 girare
857 1845 1047 1922 superbum

201 1953 327 2012 Donec
349 1948 546 2012 Waltharius
570 1952 628 2010 sub
652 1961 790 2009 mentum
815 1951 950 2029 cuspidis
971 1954 1068 2013 ictum

214 2057 358 2133 Fixerat,
389 2071 419 2117 et
439 2059 513 2116 sella
539 2055 762 2117 moribundum
787 2057 911 2116 sustulit
933 2060 1002 2118 alta.

175 2151 177 2155 ⁵
212 2159 279 2249 Qui
301 2174 393 2239 captu
415 2162 534 2221 orantis
555 2163 686 2240 proprio
708 2181 859 2222 mucrone
880 2162 1037 2240 recidens,

213 2270 299 2332 Fecit
322 2281 485 2348 cognatum
507 2269 626 2349 pariter
648 2268 770 2332 fluitare
793 2290 947 2332 cruorem.

213 2377 307 2437 Hunc
328 2376 384 2437 ubi
405 2376 598 2438 Guntharius
619 2378 783 2457 conspexit
806 2378 894 2438 obire
916 2381 1086 2462 superbus,

212 2487 366 2548 Hortatur
387 2487 495 2547 socios
510 2508 647 2567 pugnam
670 2508 824 2550 renovare
845 2488 997 2553 furentes.

212 2594 450 2674 ‘Aggrediamur
475 2616 568 2671 eum,
595 2617 652 2656 nec
669 2571 829 2677 respirare
852 2596 1006 2673 sinamus,

212 2705 324 2766 Donec
350 2703 493 2766 deficiens
518 2707 682 2782 lassescat,
712 2719 742 2767 et
762 2704 835 2765 inde
857 2706 1016 2767 revinctus

149 2796 151 2799 Ι
212 2815 392 2874 Thesauros
414 2811 543 2888 reddet,
570 2819 634 2875 luet
660 2824 689 2872 et
710 2833 770 2892 pro
792 2814 942 2891 sanguine
966 2815 1106 2892 poenas.’

211 2921 335 2981 Tertius
357 2942 396 2979 en
419 2920 652 2982 Werinhardus
675 2920 739 2981 abit
762 2922 943 3002 bellumque
964 2922 1096 2983 lacessit.

213 3026 393 3100 Quamlibet
413 3048 452 3086 ex
475 3029 567 3104 longa
583 3039 757 3105 ‘generatus
772 3029 873 3107 ‘stirpe
896 3039 1062 3106 nepotum,

217 3131 244 3197 Ο
267 3134 317 3195 vir
341 3131 440 3193 clare!
473 3145 546 3193 tuus
570 3145 717 3212 cognatus
740 3149 770 3195 et
794 3135 868 3195 artis
892 3146 1028 3210 amator,

195 3222 373 3319 ‘Pandare,
405 3244 460 3326 qui
485 3242 644 3324 quondam
665 3248 767 3322 jussus
790 3241 982 3306 confundere
1005 3243 1116 3306 foedus

112 3347 118 3362 ¹
212 3353 249 3412 ln
274 3351 394 3414 medios
419 3355 515 3415 telum
540 3327 657 3415 torsisti
682 3355 801 3436 primus
824 3350 977 3426 Achivos!

106 3469 168 3522 730
212 3463 271 3523 Hic
295 3483 447 3543 spernens
469 3464 588 3524 hastam
609 3465 788 3545 pharetram
811 3467 941 3544 gestavit
963 3477 992 3525 et
1014 3485 1131 3526 arcum.

211 3573 340 3633 Etninus
364 3575 482 3633 emissis
504 3572 587 3658 haud
612 3595 712 3656 aequo
733 3577 834 3636 h'larte
857 3575 973 3651 sagittis

215 3681 428 3743 Waltharium
449 3684 590 3744 ltirbans.
635 3696 742 3744 contra
763 3696 866 3744 tamen
888 3683 939 3745 ille
962 3682 1059 3744 virilis

179 3855 232 3900 103
256 3855 316 3917 quid
337 3859 367 3907 Α.
386 3856 416 3905 Ε.
440 3838 510 3920 quod
530 3855 560 3910 C.
620 3859 675 3907 105
698 3859 872 3924 compleverat
891 3857 922 3908 Β.
950 3855 1016 3906 huno
1034 3855 1078 3907 Sc.
1099 3855 1128 3905 C.

107 3946 160 3990 709
185 3941 283 3993 libitum
305 3947 334 3997 C.
389 3953 441 3998 713
467 3949 504 3999 illi
523 3952 554 4002 Α.
609 3952 663 3999 118
686 3949 807 3999 attollens
826 3948 855 3999 B.
878 3946 944 3998 doch
963 3942 1130 4010 ubergeschr.

109 4032 214 4082 orantis.
275 4037 330 4082 120
355 4034 440 4087 obisse
459 4038 489 4090 Β.
552 4042 606 4090 122
631 4055 663 4091 ne
683 4041 713 4092 B.
774 4044 826 4091 123
852 4040 965 4090 labescat
983 4038 1012 4088 Ο.
1076 4039 1129 4088 125

109 4121 257 4173 wurhardus
277 4126 305 4173 Α.
332 4122 497 4185 wirnrhardns
517 4130 547 4183 Β.
576 4127 722 4182 everhardus
741 4131 773 4181 C.
828 4135 879 4181 121
899 4128 967 4181 arcis
986 4129 1016 4181 C.
1033 4128 1064 4182 ll.
