2640 4650
502 247 764 369 00000ῐο

126 516 188 572 985
233 510 352 592 Aprsnt
372 509 432 570 hae
455 508 570 570 celeres
591 504 728 567 herboso
753 503 866 584 cespite
889 490 987 563 sedes.

567 614 715 695 psitacus.
756 659 757 662 ,

119 760 120 764 ,
231 723 371 788 ι800οῐοο
390 721 574 798 raucisona,
593 741 671 782 num
694 717 732 780 sit
752 735 880 799 quoque
897 714 995 776 fracta
1010 708 1143 793 lagena?

234 829 328 907 Quod
349 831 427 894 milti
448 828 590 912 poscenti
610 849 676 892 non
700 824 815 888 dantur
833 823 949 906 pocula
969 823 1046 899 vini,

228 938 311 1003 Nam
334 959 439 1022 neque
462 937 610 1002 divitibus
636 934 820 1016 contingunt
841 930 954 1015 gaudia
976 931 1070 995 solis?

532 1050 583 1109 lae
605 1050 736 1128 psitaco.

229 1158 389 1241 ‘Apponas
408 1156 569 1237 aliquam,
590 1156 617 1216 si
639 1154 722 1216 nosti
738 1154 836 1228 forte,
857 1153 1031 1217 medelam?

559 1266 707 1347 psitacus.
815 1264 818 1266 ’

127 1386 190 1439 990
233 1376 288 1440 Nil
310 1374 371 1438 nisi
390 1375 462 1436 lene
484 1372 571 1437 decet
593 1375 699 1440 vacuis
722 1374 914 1437 committere
933 1371 1041 1438 venis?

415 1467 423 1475 ¹
536 1484 588 1546 100
608 1484 739 1565 psitaco.
893 1469 896 1473 ³

234 1591 299 1657 ‘Nil
321 1611 378 1673 ego
401 1592 605 1676 praetulerim
627 1590 765 1671 jucundo
786 1611 882 1655 sanus
900 1590 1020 1655 amieo?
1084 1591 1089 1602 “

564 1702 711 1784 psitacus.

226 1806 384 1878 ‘Oderunt
406 1807 538 1872 hilarem
558 1811 671 1874 moesti
690 1810 873 1892 tristemque
894 1807 1012 1887 jocosi!

225 1918 308 1982 Nam
328 1920 398 1995 len,
419 1940 489 1980 essm
514 1921 589 1983 vino
613 1919 764 1996 incaluit,
786 1939 864 1981 mox
884 1918 960 1981 talia
981 1916 1079 1983 dixit:

227 2027 348 2106 ‘vulpes
375 2037 498 2087 sensata
518 2013 693 2107 prudenter
714 2040 840 2089 rexerat
859 2028 931 2104 ista,
1011 2059 1017 2068 =

126 2141 188 2198 995
231 2133 349 2216 Meque
367 2152 532 2216 meamque
556 2131 684 2196 domum
709 2152 806 2213 super
827 2154 921 2208 omne
936 2131 1065 2196 “revexit
1082 2124 1141 2194 lin·

750 2254 883 2320 nestum,

231 2346 356 2430 Corpus
377 2347 554 2426 languentia
574 2348 758 2412 confoverat
778 2349 989 2430 igneaalutis,

229 2454 422 2520 Seminecem
444 2460 593 2521 membris
614 2478 673 2520 nec
695 2473 792 2523 cessat
812 2459 945 2522 reddere
967 2459 1092 2520 mensis.

227 2567 314 2630 Haec
335 2568 426 2650 petiit
445 2567 578 2650 pardum
603 2580 676 2648 post
697 2588 748 2631 me
768 2590 900 2649 regnare
920 2558 1102 2645 secundum,

225 2677 321 2742 Istius¹
340 2675 379 2741 ad
402 2689 513 2744 votum
533 2697 638 2755 regem
661 2677 850 2740 sacravimus
876 2681 986 2754 istum:

51 2850 55 2855 .
123 2796 206 2853 1000
227 2787 310 2854 Nam
333 2807 403 2848 mea
427 2786 491 2846 sint
511 2783 603 2865 pardi
625 2803 706 2866 quae
728 2775 820 2867 pardi
843 2786 989 2867 proxima
1009 2784 1108 2863 vulpi.

538 2899 590 2960 leo
614 2896 726 2979 pardo.

224 3000 377 3088 *vulpem
399 3017 559 3070 versutam
581 3006 674 3068 lateri
695 3028 733 3069 na
756 3005 945 3087 depresseris
964 3004 1121 3085 unquam!

229 3116 321 3178 Tunc
339 3127 468 3178 versuta
491 3114 572 3178 dolis
594 3115 633 3178 de
656 3128 744 3181 tanto
765 3136 896 3178 munere
913 3113 995 3193 regis

229 3225 388 3287 Triststur
409 3224 490 3286 facie
511 3246 702 3308 quamquam
723 3228 857 3288 laetetur
878 3223 917 3285 ad
940 3241 1044 3285 omne.

516 3333 636 3416 pardus
657 3337 752 3398 leoni.

229 3438 375 3506 ‘Tristior
395 3454 442 3504 est
464 3443 573 3517 solito,
597 3463 648 3503 me
672 3444 770 3505 ceruit
792 3442 910 3504 lumine
931 3438 1035 3503 torto!

538 3551 723 3634 leopardo.

122 3661 205 3721 1005
227 3653 273 3719 ‘si
291 3655 369 3739 quid
390 3659 458 3723 vult
472 3662 651 3743 proprium,
672 3643 783 3726 serum
806 3680 871 3743 nou
889 3659 966 3718 celet
990 3653 1142 3716 amicum.’

569 3771 691 3848 vulpes.
1061 3842 1065 3851 Ι

232 3869 298 3932 ‘Est
318 3890 429 3952 specus
451 3871 484 3933 in
506 3873 592 3937 silvis
614 3874 687 3936 celsi
708 3876 767 3935 sub
791 3872 926 3936 culmine
948 3869 1072 3944 montis,

227 3974 318 4036 Hanc
342 3979 420 4039 mihi
442 4001 539 4059 posco
561 3980 646 4060 dari,
666 3980 739 4043 facti
761 3981 933 4041 munimine
956 3975 1083 4054 scripti!

231 4079 426 4154 Confirmant
444 4106 549 4166 reges,
572 4088 660 4168 petiit
685 4086 771 4170 quod
794 4084 925 4148 subdola
948 4084 1067 4162 vulpes,
