2640 4650
549 281 808 366 nonasrs.
991 366 999 371 ,
1119 263 1254 355 nss'

270 517 323 578 Me
342 516 466 579 Baccho
489 513 598 604 satiat,
620 516 697 598 quin
718 513 803 577 lenia
823 515 920 577 verba
942 515 1100 598 propinat.

168 629 249 687 1215
274 625 412 686 Ericinm
435 625 559 688 vafrum
580 625 679 687 servis
700 622 739 685 de
760 623 905 710 pluribus
928 645 1028 686 uncam

271 731 402 795 Instruit
422 731 564 795 Herodes
586 733 735 797 vitulinas
757 731 899 794 scindere
930 753 1048 810 carnes,

274 836 338 914 Qui
361 838 442 902 dixit
463 840 600 903 vitulum
620 840 768 906 festivum
786 861 880 923 pasca
901 840 1056 919 futurum,

270 949 333 1041 Per
353 969 386 1011 se
408 949 607 1029 sumendum,
630 951 711 1013 nulli
731 973 790 1034 per
812 952 913 1013 frusta
934 950 1111 1031 secandum,

183 1089 190 1114 ι
270 1057 320 1121 Ad
340 1063 481 1139 jugulum
503 1074 625 1124 tantum
647 1061 767 1123 ferrum
788 1058 940 1123 reddebat
964 1073 1102 1138 acutum,

167 1168 250 1224 1220
271 1164 326 1233 Me
348 1167 478 1248 cupiens
500 1168 649 1229 miserum
670 1184 779 1250 morsu
801 1167 937 1227 lacerare
958 1167 1072 1230 ferino.

270 1273 355 1337 Laus
379 1273 508 1338 domino
531 1275 588 1357 qui
610 1274 684 1355 [me]
708 1275 844 1338 adumar
867 1273 958 1336 dente
979 1275 1101 1356 lupino,

272 1381 374 1446 Sanus
396 1397 426 1445 et
447 1383 612 1446 incolumis
634 1385 784 1446 maternis
811 1381 939 1456 deferor
958 1385 1052 1448 ulnis.

273 1487 321 1553 Sit
341 1511 458 1578 nomen
480 1505 620 1555 sanctum
643 1490 758 1555 Christi
792 1490 913 1556 domini
933 1491 1130 1559 benedictum
1139 1491 1158 1555 Ρ

272 1597 392 1661 Versus
412 1597 532 1659 milleni
554 1599 677 1662 centeni
706 1597 905 1681 septuageni3

169 1708 252 1767 1225
274 1706 396 1768 Verum
419 1707 509 1788 operi
530 1709 624 1787 longo
646 1708 693 1770 fas
716 1720 762 1785 est
784 1710 938 1789 obrepere
959 1726 1115 1786 somnum,

273 1813 431 1879 Nimirum
454 1836 564 1897 sapere
586 1828 633 1880 est
654 1818 779 1894 abjectis
801 1817 878 1880 utile
899 1817 999 1896 nugis,

269 1922 325 1982 Me
345 1923 563 2003 tempestiuum
584 1923 712 2002 psalmia
734 1920 905 1986 concedere
925 1919 1056 1999 ludum3

136 2070 168 2097 χ,
271 2025 374 2087 Iratus
394 2028 529 2105 pariter,
550 2028 664 2103 ieiunis
685 2025 830 2088 dentibus
854 2045 936 2104 acer,
1014 2073 1019 2080 .

270 2122 455 2191 Sermonem
476 2129 634 2209 claudam,
671 2132 802 2196 verbum
821 2150 888 2193 non
910 2129 1043 2210 amplius
1065 2127 1188 2194 addam.

239 2369 310 2421 1221
329 2381 372 2422 ms
388 2366 525 2436 angetfigt.
