2640 4650
183 236 251 301 266
561 235 819 302 ttcsststs.

287 469 422 550 Alpibus
443 467 554 528 italicis
574 467 625 528 tic
648 487 738 528 mons
760 480 804 529 est
825 470 919 532 altior
940 470 1019 550 illis,

288 577 429 641 lllillenis
453 574 566 637 cubitis
587 575 788 655 praeruptior
810 590 904 660 atque
926 579 1067 662 vicenis,
1150 568 1160 575 ¹

184 694 246 751 685
291 686 395 769 Opida
417 682 601 747 chuonradi
622 696 777 762 coguntur
798 684 838 746 ad
860 689 945 750 hunc
966 691 1147 761 famulari.

289 800 410 860 Manna
430 806 620 870 vescuntur,
641 793 697 874 qui
719 806 828 856 nostra
851 810 939 860 curte
959 800 1143 869 fruuntur.

286 910 342 969 Est
363 907 424 968 ltoc
448 904 605 981 spelaeum
629 903 785 964 teutonice
808 901 940 967 Siensile
964 904 1107 989 dictum,

282 1013 424 1092 Aunguis
446 1022 493 1071 est
515 1007 614 1070 dictus
635 1030 710 1072 vere
731 1013 889 1090 portarius
909 1013 1018 1093 liujus,

281 1125 322 1185 Et
342 1140 497 1183 cameram
519 1119 590 1179 lecti
612 1117 689 1179 scias
709 1119 873 1182 Hunsaloa
889 1124 1007 1185 vocari.

177 1238 239 1292 690
283 1231 375 1294 Ultra
397 1228 531 1311 servitiis
556 1228 652 1287 sime
675 1248 738 1288 non
762 1231 891 1319 truseris
912 1231 996 1307 ullis,

281 1341 343 1401 lsta
373 1352 445 1401 tuae
469 1337 572 1400 soboli
593 1335 712 1397 tradam
736 1339 795 1397 sub
819 1340 905 1401 clave
924 1339 1028 1420 sigilli,

285 1448 398 1509 Cautio
423 1447 583 1523 firmatur,
610 1446 776 1509 conventio
797 1448 824 1506 si
845 1449 1011 1513 stabilitur.

276 1557 380 1618 Tritos
402 1557 529 1618 servitio
555 1556 692 1617 manicas
714 1576 780 1616 non
801 1556 905 1618 eximo
928 1558 1048 1636 longo?

598 1662 775 1744 leopardus.

276 1773 410 1837 ‘Scando
430 1772 457 1836 si
480 1772 611 1846 solium,
634 1792 780 1851 spernam
803 1783 833 1833 te
854 1769 944 1834 valde
965 1777 1161 1855 superbum.
1182 1766 1190 1773 ⁸

173 1892 234 1949 695
277 1886 291 1944 I
313 1904 411 1965 puer,
440 1896 535 1965 atque
556 1901 642 1941 meae
665 1880 744 1941 citus
768 1881 853 1942 hunc
873 1883 1000 1963 impone
1023 1888 1201 1972 coquinae,
1284 1914 1287 1919 ·

270 1995 358 2056 Dum
378 2004 474 2056 tostat
495 2012 610 2064 verua,
633 1991 781 2051 scutellae
803 1992 916 2053 balnea
936 2003 1033 2072 potet.

274 2107 372 2169 Potus
393 2108 444 2177 bic
466 2118 513 2167 est
533 2103 646 2165 babilis
669 2104 762 2165 simili
782 2108 840 2166 sub
865 2126 954 2167 more
975 2108 1144 2188 superbis)

615 2213 737 2275 ericius.
1112 2200 1118 2205 ”

272 2317 354 2395 ‘Quo
385 2320 461 2383 deus
489 2334 517 2385 et
538 2344 603 2405 quo
626 2321 706 2383 dura
727 2334 818 2385 vocat
840 2322 968 2384 fortuna
994 2333 1192 2406 sequamur!

588 2427 765 2509 leopardus.

269 2534 425 2599 ‘Dedecus
447 2549 492 2598 est
514 2536 665 2614 dominis,
694 2536 769 2599 dum
794 2538 902 2598 laxant
925 2535 1029 2600 debita
1051 2544 1163 2619 servis,

163 2652 225 2705 700
268 2648 497 2725 Argumentum
517 2648 626 2726 ingens
646 2648 732 2709 testis
756 2647 909 2708 sententia
930 2645 1047 2727 prodit.
1089 2658 1092 2663 '

265 2756 321 2816 lus
344 2768 390 2816 est
410 2758 470 2818 hoc
496 2755 625 2819 modicis
647 2769 743 2819 semet
761 2775 957 2837 praeponere
979 2755 1078 2831 celsis,

265 2862 408 2944 Corpore
432 2866 488 2947 qui
509 2886 608 2946 psrvo
632 2878 784 2946 peragunt
808 2863 966 2928 contraria
987 2884 1111 2944 magno,

265 2970 464 3056 Quamquam
485 2976 587 3037 forma
610 2975 723 3053 tuition,
746 2994 854 3037 verum
877 2969 1183 3052 prudentiamsjor3

261 3084 393 3146 Viribus
416 3085 574 3155 imbelles,
598 3097 666 3146 astu
688 3096 793 3147 tamen
818 3105 887 3144 acre
909 3084 1053 3158 rebelles,

157 3197 218 3253 705
263 3195 392 3256 Artibus
417 3208 614 3275 expugnant,
633 3216 703 3255 cum
721 3196 836 3256 robore
857 3194 998 3254 membra
1015 3188 1181 3259 fatiscent*

602 3303 725 3382 vulpes.

271 3403 371 3464 ‘Talia
392 3406 536 3468 conferre
558 3409 717 3487 compellit
737 3407 842 3469 simius
865 3407 942 3468 iste!

573 3515 752 3598 leopardus.

262 3619 408 3682 ‘Consule
416 3665 425 3698 ,
449 3642 537 3701 care,
560 3626 639 3704 tuis,
659 3647 732 3687 nam
755 3624 843 3687 dictis
865 3635 894 3685 te
919 3626 992 3686 volo
1013 3626 1130 3705 paucis,

257 3728 320 3790 Fac
341 3728 475 3806 spatium
499 3731 602 3808 socio,
623 3732 680 3794 tibi
703 3752 778 3794 mox
802 3750 913 3812 parere
934 3732 1076 3811 parabo.’

150 3838 399 3851 mnu-n—

221 3905 273 3951 685
293 3901 388 3969 oppida
406 3896 513 3954 aderadi
532 3904 564 3955 B.
656 3910 709 3957 687
727 3907 843 3972 avnguis
862 3908 892 3956 t.
974 3908 1027 3956 693
1047 3921 1075 3958 ea
1094 3907 1170 3959 stand
1191 3867 1200 3876 -

147 3986 240 4050 exigo,
260 3990 325 4042 fiber
345 3992 392 4043 des
408 4006 425 4056 g
444 3991 477 4041 ist
497 4006 521 4043 m
541 3990 686 4056 corrigiert.
784 3993 826 4043 bet
848 3996 900 4044 tot
918 3989 987 4044 stebt
1008 3993 1097 4059 tepus,
1116 4005 1168 4042 wan

146 4071 186 4125 iob
205 4074 230 4124 iu
249 4075 385 4142 leopardus
404 4077 507 4132 indere.
