2640 4650
450 315 827 386 utnrttttttus.
888 336 892 343 ·
1107 321 1146 384 ll

232 548 330 626 ‘Quid
348 548 455 628 lingua
469 549 609 625 simulas,
634 549 720 630 quod
738 552 777 612 ab
794 550 858 612 imo
876 561 1000 630 pectore
1014 546 1151 634 damnas,

234 655 361 740 Oreque
381 656 569 738 persuades,
597 668 664 720 toto
686 657 772 738 quod
794 656 888 718 corde
911 654 1054 732 refutas?

220 766 283 828 ·sit
305 768 404 830 veluti
422 770 514 827 talem
539 764 645 847 pudor
665 767 775 844 ingens
798 764 912 827 ducere
935 767 1088 847 nuptam.’

128 880 191 939 eto
234 877 295 938 Vir
314 875 439 956 sapiens
461 887 571 936 contra
592 874 756 954 respondit
778 885 808 934 et
829 873 933 934 intulit
954 875 1018 943 ista⁴

233 986 343 1061 ‘Absit
366 982 452 1066 quod
470 981 642 1046 memoras!
665 981 866 1044 dextrorsum
879 983 1003 1062 porrige
1017 1002 1155 1046 sensum.

232 1095 346 1173 Neris,
376 1114 426 1155 me
448 1094 582 1154 nihilum
604 1092 748 1154 simulata
773 1105 876 1153 mente
899 1095 1039 1154 locutum
1047 1115 1057 1170 3

235 1204 303 1266 Nec
328 1203 496 1284 quicquam
520 1203 654 1262 nebulae
675 1204 727 1265 vel
750 1202 818 1262 lalsi
843 1201 994 1263 interfore
1015 1200 1117 1264 erede.

236 1313 353 1374 Nullus
374 1311 476 1388 adest,
505 1313 598 1372 nobis
621 1310 757 1391 exceptis
779 1331 916 1391 namque
938 1308 1073 1373 duobus.

132 1425 195 1484 245
240 1421 275 1483 Si
288 1440 412 1482 nossem
423 1432 518 1480 temet
533 1421 609 1480 milti
626 1431 804 1501 promptam
817 1417 1000 1498 impendere
1013 1431 1158 1498 mentem,

239 1532 343 1613 Atque
365 1526 459 1592 fidem
481 1531 560 1593 totis
582 1549 708 1592 servare
730 1549 789 1608 per
815 1528 921 1589 omnia
946 1529 1062 1607 cautis;

239 1639 381 1702 Pandere
407 1651 516 1701 cuncta
540 1640 597 1701 tibi
622 1638 725 1702 cordis
748 1637 887 1698 misteria
912 1637 1046 1701 vellemt’

127 1819 130 1828 ¹
205 1724 369 1814 Tandem
391 1754 496 1833 virgo,
523 1753 584 1815 viri
606 1754 737 1831 genibus
759 1763 906 1828 curvata,
932 1753 1079 1833 profatur

130 1908 135 1919 ·
237 1862 295 1926 ‘Ad
312 1869 520 1945 quaecunque
535 1882 627 1925 vocas
644 1883 709 1940 me,
729 1859 858 1939 domne,
882 1862 997 1942 sequar
1009 1859 1158 1937 studiose,

134 1981 199 2036 250
240 1974 307 2037 Nec
330 1976 499 2056 quicquam
520 1973 641 2051 placitis
662 1973 767 2032 malim
790 1989 986 2051 praeponere
1007 1970 1120 2045 iussis?

239 2085 296 2143 Ille
320 2080 433 2141 dehinc
457 2079 558 2158 ‘piget
580 2078 668 2138 exilii
688 2099 738 2136 me
760 2075 897 2154 denique
919 2075 1034 2149 nostri,
1098 2101 1105 2110 ¹

242 2189 284 2247 Et
305 2187 423 2265 patriae
443 2185 520 2243 fines
542 2183 728 2244 reminiscor
748 2201 841 2261 saepe
862 2181 1006 2242 relictos:

241 2292 427 2372 Idcircoque
449 2291 553 2368 lugam
577 2287 669 2370 cupio
694 2288 829 2348 celerare
850 2288 1015 2363 latentem;

242 2401 335 2479 Quod
358 2407 421 2478 jam
443 2420 521 2480 prae
547 2398 653 2460 multis
678 2396 849 2477 potuissent
872 2396 954 2456 lorte
976 2395 1103 2474 diebus,

137 2521 199 2577 255
243 2513 277 2575 Si
300 2533 364 2574 non
386 2506 588 2589 lliltgundem
611 2507 710 2569 solam
732 2525 896 2568 remanere
919 2505 1078 2567 dolerem.'

242 2620 371 2683 Addidit
394 2621 450 2680 ltas
473 2620 537 2679 imo
562 2618 746 2695 virguncula
769 2613 864 2676 corde
886 2617 1029 2698 loquelas

242 2733 378 2793 ‘Verum
401 2731 626 2802 vettaanann,
657 2723 732 2788 solis
752 2724 802 2784 ltis
824 2737 933 2787 aestuo
955 2727 1065 2802 rebus,
1101 2752 1104 2758 ·

245 2839 419 2918 Praecipiet
441 2835 604 2911 dominus,
634 2853 690 2894 seu
711 2850 864 2914 prospera
886 2833 951 2895 site
976 2833 1116 2909 sinistra,

246 2946 322 3024 Ejus
344 2964 451 3006 amore
472 2945 537 3023 pati
557 2957 624 3005 toto
646 2963 715 3004 sum
737 2954 865 3023 pectore
886 2919 1035 3021 praestof

142 3062 205 3114 260
248 3051 447 3115 Waltltarius
467 3049 593 3111 tandem
615 3053 658 3111 sic
681 3052 809 3129 virginis
831 3051 935 3132 inquit
955 3052 990 3110 in
1012 3071 1119 3110 aurem

249 3157 395 3218 ‘Publica
420 3155 578 3217 custodem
600 3160 697 3219 rebus
718 3172 748 3220 te
769 3180 882 3241 nempe
903 3170 1040 3238 potestas

247 3265 393 3341 Fecerat,
422 3262 539 3328 idcirco
563 3286 684 3329 memor
707 3268 783 3330 ltaec
804 3283 874 3329 m'ea
894 3267 991 3329 verba
1012 3277 1140 3329 notato:

245 3373 393 3457 Inprimis
417 3375 535 3453 galeam
557 3376 638 3454 regis
662 3377 862 3458 tunicamque
884 3375 1018 3436 trilicem

246 3486 380 3559 Assero,
408 3485 538 3547 loricam
559 3486 724 3546 fabrorum
746 3486 867 3563 insigne
889 3485 1041 3545 ferentem

122 3724 127 3729 .
193 3681 247 3730 237
263 3678 332 3743 quod
347 3677 425 3732 abc.
467 3680 522 3728 2³8
540 3692 586 3731 ote
599 3677 660 3731 milti
672 3679 751 3744 tingis
765 3682 821 3730 toto
835 3676 870 3728 H.
890 3675 960 3742 quod
973 3678 1030 3727 toto
1044 3671 1122 3726 corde
1134 3673 1166 3725 l).

140 3769 195 3818 sto
205 3769 363 3837 respondens
376 3769 478 3822 rettulit
490 3768 523 3822 t).
557 3772 613 3821 242
627 3771 694 3822 nolte
707 3784 749 3822 ms
762 3766 884 3820 nioltllntn
899 3767 930 3821 Ι).
966 3769 1019 3818 24³
1035 3764 1123 3818 oebali
1134 3763 1168 3820 Ι).

142 3856 241 3909 lraudls
257 3861 298 3911 vel
317 3859 375 3911 talei
394 3860 415 3911 l.
466 3859 524 3912 '245
548 3866 629 3912 temet
649 3876 710 3912 num
734 3864 861 3926 promtam
882 3860 914 3910 tt.
967 3859 1021 3910 246
1044 3852 1167 3907 veniel).

141 3950 197 3998 249
221 3956 249 3998 at
271 3963 425 4016 quocunque
450 3950 482 4002 D.
541 3955 597 4002 250
621 3953 681 4004 ntsli
707 3953 738 4006 l).
799 3955 851 4002 251
869 3950 950 4002 'exito
975 3950 1004 4014 (2
1024 3947 1111 4009 exitii)
1133 3944 1167 3997 l).

143 4042 196 4088 25³
217 4035 366 4093 ntedltorl.
406 4029 638 4106 ffio‘liltgondatn
654 4045 687 4098 l).
722 4047 776 4097 nst
795 4042 860 4096 tatu
879 4045 910 4094 A.
922 4043 952 4094 C.
967 4041 999 4091 D.
1013 4039 1034 4092 l.
1071 4036 1168 4089 260itt

144 4145 207 4182 aare
226 4129 257 4181 l).
312 4132 362 4180 2⁶1
384 4137 410 4182 ts
428 4130 506 4185 relos
525 4149 642 4201 namque.
696 4138 750 4187 264
772 4134 855 4188 affero
874 4132 917 4198 (l)
938 4133 968 4184 Α.
993 4129 1059 4182 atter
1078 4129 1112 4182 ll.
