2640 4650
381 280 693 349 nuountun
738 281 852 366 fragm.
871 280 913 346 11.
1100 279 1161 345 rao

245 522 301 582 Nil
322 521 496 600 reputando
518 523 594 596 sibi,
624 518 677 582 sed
701 520 731 580 ei
754 518 831 579 dans
853 518 958 578 omnia
980 517 1075 579 dixit:

247 603 405 687 ‘induciae
421 647 485 710 quo
502 629 564 688 sint
575 626 720 688 laudatae
734 622 911 708 quandove,
926 621 985 699 dic,
1004 623 1112 686 sunti’

248 732 459 798 ‘Ebdomadae
481 748 549 796 tum
570 745 773 816 praetereunt
795 745 874 807 tres,
902 728 1048 801 induciae
1068 745 1143 825 scirit

248 843 316 904 Hac
339 847 371 904 iu
395 845 545 926 planitie,
568 867 632 927 qua
655 840 903 904 concertavimus
925 851 1008 914 ante,

144 958 204 1012 180
249 951 413 1017 Solventes
435 968 560 1017 nostros
590 955 623 1014 in
647 954 749 1017 vincla
771 947 947 1027 redegimus
970 950 1085 1025 bostes,

246 1061 327 1123 Sunt
350 1063 406 1123 ubi
428 1064 541 1127 tristati
567 1084 630 1145 quo
652 1062 733 1126 110111,
749 1060 916 1120 laetificati.

252 1169 303 1230 Sic
326 1167 365 1230 (le
388 1183 418 1230 te
441 1171 507 1248 regi
529 1190 613 1229 nunc
641 1164 833 1229 induciando
855 1159 1032 1246 spopondi)

249 1275 320 1335 Rex
344 1276 403 1337 ait:
429 1278 500 1338 ‘hoc
520 1276 616 1338 laudo
639 1277 864 1356 promissorum
887 1294 989 1356 neque
1011 1269 1135 1332 fraudo.

251 1383 339 1443 Dum
363 1385 467 1444 fueras
490 1397 520 1444 at
541 1384 602 1461 ibi,
628 1384 704 1465 quid
727 1382 899 1462 agendum,
921 1381 979 1460 dic,
999 1379 1158 1443 habuisti?

148 1495 208 1552 185
252 1490 447 1572 Respondit!
483 1470 633 1553 ‘summus
648 1493 726 1553 mibi
752 1495 886 1554 clemens
909 1491 944 1553 fit
964 1490 1167 1554 vicedomnus
1258 1557 1265 1565 ,

259 1598 440 1660 Procurans
462 1600 605 1684 multum,
628 1598 782 1660 deiectum
804 1620 844 1660 ne
864 1611 991 1678 paterer
1013 1621 1118 1682 quem.

255 1702 447 1767 Scacborum
468 1704 546 1767 ludo
566 1715 695 1787 temptat
723 1730 772 1768 me
795 1704 919 1769 vincere
941 1711 1061 1786 crebre,

253 1813 320 1877 Nec
340 1817 458 1895 potuit,
492 1815 569 1878 ludo
601 1817 633 1877 ui
654 1830 764 1897 sponte
785 1817 857 1881 dato
877 1819 937 1879 sibi
959 1821 1039 1880 solo.
1165 1819 1295 1907 101811·Ι

257 1921 407 2005 Quinque
437 1923 502 1985 dies
524 1925 567 1986 sic
588 1947 638 1986 rue
661 1947 725 1987 non
749 1926 864 1986 siverat
892 1940 963 1987 ante
988 1928 1105 2004 11011110,

151 2036 212 2090 190
257 2030 564 2113 Ε111110101000011,
586 2054 673 2095 ruens
695 2033 848 2095 adventus
877 2035 953 2115 quid
974 2057 1011 2096 eo
1032 2038 1082 2099 sit.

259 2139 449 2216 Investigare
471 2141 557 2198 nulla
579 2140 664 2221 quod
687 2141 761 2200 dum
789 2143 872 2203 valet
895 2153 969 2216 arte,

258 2249 333 2308 Post
354 2268 402 2307 me
423 2267 481 2307 rex
503 2247 602 2323 misit,
637 2248 698 2309 sibi
719 2270 799 2330 quae
821 2247 888 2309 dixi
909 2252 982 2310 satis
1001 2250 1088 2312 audit

185 2371 187 2374 ·
256 2353 292 2414 ln
318 2341 385 2415 cras
407 2375 571 2436 responso,
592 2354 659 2416 dixi
680 2357 966 2434 velut,induciato.
1061 2409 1068 2416 .

260 2462 330 2525 Rex
353 2485 484 2544 poscens
513 2467 648 2526 tabulam
672 2469 761 2544 jubet
789 2466 909 2548 opponi
929 2467 990 2528 sibi
1009 2469 1115 2530 sellam

153 2579 212 2634 195
256 2573 296 2635 Et
320 2595 370 2635 me
393 2588 502 2636 contra
524 2553 556 2637 se
579 2577 720 2653 jubetain
742 2578 865 2639 fulchro
888 2574 1035 2655 residere,

254 2685 298 2747 Ut
320 2706 424 2747 secum
446 2685 569 2762 ludam,
594 2684 679 2769 quod
696 2708 758 2766 ego
783 2685 914 2748 bimium
933 2689 1105 2751 renuebam

256 2777 392 2859 Dicens‘:
427 2796 590 2857 “terribile
614 2796 763 2859 miserum
786 2796 955 2859 conludere
976 2799 1078 2876 rege.’'
1169 2768 1180 2801 s

254 2903 295 2964 Et
317 2903 464 2964 domme
485 2903 551 2966 vidi
574 2904 634 2964 sibi
655 2895 726 2966 nun'
743 2905 859 2968 audere
880 2906 992 2980 reni113

257 3006 383 3068 Ludere
406 3007 549 3084 laudavi,
572 3011 701 3089 cupiens
723 3012 762 3072 ab
787 3031 824 3071 eo
844 3013 996 3090 superari,

152 3121 216 3174 200
247 3115 372 3178 ,“Vinci
394 3113 432 3175 de
455 3117 556 3195 rege,⁷’
578 3115 693 3192 dicens,
715 3117 809 3199 “quid
831 3121 918 3180 obest
936 3121 1083 3181 miserum
1100 3114 1171 3179 me?

261 3221 324 3285 Sed
348 3224 458 3299 timeo,
482 3222 617 3300 domine,
647 3224 732 3307 quod
754 3246 829 3287 mox
844 3204 994 3290 ‘irasceris
1014 3228 1047 3288 in
1070 3251 1130 3306 me,
1155 3277 1158 3282 ,

260 3332 295 3395 Si
316 3333 445 3395 fortuna
466 3338 578 3409 juvet,
591 3334 669 3395 mihi
691 3335 778 3417 quod
799 3337 927 3399 victoria
949 3334 1097 3400 tonuu.”
1115 3372 1159 3384 --

256 3442 326 3505 Rex
348 3424 541 3505 subridendo
563 3442 643 3505 dixit
670 3447 755 3508 velut
778 3458 871 3527 atque
891 3446 1043 3524 jocando:

256 3553 351 3616 “Non
377 3574 458 3634 opus
483 3566 546 3630 est,
570 3575 657 3630 care,
677 3576 772 3636 super
795 3557 853 3618 bec
873 3578 908 3618 re
930 3556 1174 3638 quidvereare3

151 3669 216 3732 205
260 3661 296 3734 Si
316 3683 489 3743 numquam
511 3663 633 3725 vincam
646 3707 655 3739 ,
682 3666 859 3726 conmotior
880 3666 956 3725 haut
979 3683 1035 3741 ego
1059 3661 1142 3724 fiam.

258 3771 320 3834 Sed
344 3792 439 3854 quam
462 3770 599 3833 districte
623 3792 750 3850 noscas,
772 3772 863 3842 ludas
884 3776 957 3836 volo
979 3795 1049 3836 cum
1072 3794 1131 3849 me,

259 3879 344 3943 Nm
364 3903 444 3964 quos
465 3882 588 3961 ignotos
617 3880 711 3941 facies
732 3883 806 3944 volo
829 3881 946 3956 discere
968 3884 1112 3946 tractus.'’
1129 3914 1173 3929 ·-

262 3985 372 4047 Statim
393 4010 451 4051 rex
474 4002 505 4051 et
527 4008 583 4068 ego
610 3987 749 4051 studiose
772 3992 924 4052 traximus
947 3990 1052 4064 ambo,

264 4093 302 4156 Et
324 4090 499 4171 abieratis
521 4098 734 4175 sit,n1ilriter
756 4099 886 4165 victorin
907 4097 1006 4174 cessit,
