2640 4650
191 279 266 395 138·
439 282 744 350 RUODthlB
788 282 962 371 fragmll.

872 406 1221 426 —-—---—-

296 509 423 575 Grande
445 525 534 576 tuum
558 534 652 596 posse
674 519 723 580 vel
751 515 1021 599 inaequiparabile
1043 520 1130 583 velle

293 621 374 684 Sunt
394 623 452 684 tibi
475 644 535 705 pro
556 644 649 686 muro
678 646 735 705 per
757 627 879 686 nullum
902 624 1075 703 deiciendo,

191 733 253 792 145
295 730 432 793 Laesum
453 730 612 807 laedenti,
633 732 755 796 ueniam
779 733 956 796 miserendo
978 738 1113 818 precari.

293 840 408 902 Nonne
431 839 556 901 deizars
579 844 671 903 nobis
694 845 806 904 merito
831 841 956 906 videare

297 948 465 1029 Indulgens
491 962 602 1029 sponte
623 954 824 1030 peccantibus
848 955 967 1036 absque
987 952 1143 1034 petente?

296 1060 432 1121 Econtra
457 1059 501 1118 nil
526 1078 584 1120 nos
614 1060 713 1120 simile
742 1063 895 1140 praebere
917 1063 1068 1138 valemus,

295 1165 460 1226 Retribuat
485 1165 538 1227 sed
564 1180 596 1228 ut
618 1168 644 1228 is
665 1190 724 1230 rex
746 1181 834 1250 post,
856 1190 950 1250 quem
971 1172 1015 1230 sic
1036 1170 1188 1253 imitaris,

191 1279 252 1334 150
296 1275 363 1336 Nos
386 1294 517 1336 exorare
540 1275 690 1338 debemus
720 1277 813 1339 corde
836 1280 886 1340 vel
908 1298 980 1355 ore3

295 1384 403 1466 thue
426 1383 500 1445 dum
523 1387 627 1463 vivas,
649 1391 767 1464 valeas,
788 1408 899 1467 regnes
922 1400 951 1448 et
973 1384 1127 1466 abundes,

295 1493 396 1556 Nobis
417 1507 447 1555 et
469 1497 587 1558 cunctis
609 1494 755 1556 affinibus
773 1496 915 1578 undique
936 1497 1040 1576 regnis

295 1603 351 1662 Est
374 1602 587 1683 exoptandum
614 1606 821 1666 communiter
846 1618 941 1688 atque
961 1605 1171 1686 precandum.

292 1711 374 1772 Nam
398 1713 539 1772 columen
563 1713 663 1773 nostri
685 1726 717 1773 tu
741 1716 826 1776 solus
848 1735 879 1776 es
900 1716 934 1775 in
954 1716 1021 1777 vice
1043 1714 1179 1790 Christi,

190 1825 252 1884 155
295 1822 399 1902 Atque
420 1824 585 1901 superstite
605 1834 636 1882 te
666 1824 745 1883 bene
765 1845 931 1904 possumus
958 1824 1141 1905 imperitare

299 1929 364 1991 Sub
387 1927 508 1991 vestrae
531 1930 604 1991 fidei
626 1944 713 1993 scuto
737 1932 908 1994 diutissime
937 1934 1006 1995 tuti.
1055 1908 1061 1915 ’

76 2037 183 2098 toltb.
296 2041 337 2102 Et
358 2063 460 2118 num,
483 2059 503 2100 o
526 2038 669 2118 domine,
693 2064 756 2104 non
779 2041 947 2120 dedignare
969 2043 1076 2106 venire
1113 2094 1117 2100 .
1167 2070 1175 2077 ·

297 2150 347 2213 Ad
368 2154 438 2213 loca
459 2148 604 2228 laudata,
639 2151 767 2233 quando
792 2164 865 2213 sunt
886 2147 1054 2213 induciata.

295 2262 397 2322 Vobis
421 2259 640 2340 congredimur
665 2259 703 2321 de
729 2262 844 2322 nostris
866 2283 901 2322 ac
925 2262 1145 2325 famulnumr.'’

195 2376 255 2433 160
298 2370 350 2430 Sic
371 2370 415 2431 ait
435 2382 466 2431 et
487 2368 579 2432 donis
604 2368 712 2431 ditavit
740 2382 864 2431 nosset
885 2370 1008 2450 opimis,

294 2480 430 2540 Pelliciis
452 2480 504 2538 vel
526 2480 615 2558 equis
638 2480 793 2555 faleratis,
818 2480 882 2541 sive
901 2480 1094 2557 chrusennis,

293 2586 371 2648 Post
381 2586 482 2666 poscit
498 2589 615 2664 viuum,
635 2588 808 2650 Gerdrudis
828 2610 944 2665 amore,
963 2586 1048 2670 quod
1060 2589 1212 2655 haustum

294 2696 465 2776 Participat
486 2717 544 2758 nos
567 2710 647 2774 tres,
674 2712 834 2780 postremo
857 2699 943 2759 basia
965 2697 1071 2777 figens,
1167 2726 1171 2731 ·

294 2800 429 2878 Quando
454 2807 524 2867 vale
548 2804 629 2866 dirtit
653 2819 723 2886 post
745 2827 802 2866 nos
823 2807 916 2885 gemit
938 2819 967 2867 et
991 2803 1163 2868 benedixit.

190 2917 249 2975 165
294 2913 377 2975 Hine
396 2913 611 2991 rediebamus,
645 2915 861 2978 vicedomnum
889 2929 1023 2998 postque
1050 2915 1208 2997 videmus,
1303 2964 1306 2971 .

293 3021 357 3099 Qui
380 3044 438 3085 nos
460 3022 642 3087 condonans
664 3024 859 3105 provisorem
881 3026 973 3085 simul
995 3037 1026 3085 et
1046 3022 1123 3086 dans

295 3132 411 3197 Oscula
431 3135 492 3194 lert
513 3154 618 3210 more,
650 3133 761 3212 grandi
782 3154 841 3196 uos
860 3135 955 3216 liquit
976 3155 1093 3209 amore,

292 3244 371 3305 Tam
391 3245 448 3306 tibi
470 3243 617 3307 devotum
641 3241 807 3320 mandans,
838 3256 873 3305 ut
899 3245 987 3320 hero,
1009 3245 1208 3315 famulatum.

292 3347 343 3410 Sic
366 3349 459 3410 datur
481 3371 499 3410 a
522 3351 639 3412 cunctis
662 3364 707 3411 sat
732 3351 827 3410 amica
849 3350 975 3412 licentia
1000 3351 1104 3413 uobis.

150 3445 158 3455 ’
190 3463 250 3516 170
295 3457 499 3537 Disciplinate
517 3472 625 3522 noster
647 3459 759 3520 ductor
780 3460 830 3522 vel
850 3461 980 3522 honeste

292 3561 429 3642 Servivit
454 3570 545 3631 nobis
566 3571 600 3630 in
624 3567 883 3650 simplicitateque
906 3568 1019 3646 cordis,

290 3672 393 3752 Hujus
415 3673 489 3737 dum
512 3678 602 3759 regni
621 3677 755 3740 confinia
776 3675 911 3741 vidimus
934 3680 1052 3760 ampli.’

290 3861 396 3953 Talis
417 3896 554 3957 rumoris
581 3918 655 3975 rex,
684 3897 754 3959 talis
777 3916 875 3959 ovans
898 3906 928 3956 et
952 3895 1083 3958 honoris

292 3999 465 4065 Subridens
488 4003 646 4066 modicum
670 4007 715 4066 nil
736 4007 868 4086 protulit
889 4028 944 4070 ore
964 4008 1147 4088 superbum.

189 4117 248 4174 175
293 4114 488 4198 susspiciens
510 4113 618 4179 laudat
640 4115 812 4193 dominum,
830 4137 895 4200 quo
910 4116 1005 4181 dante
1022 4117 1205 4201 triumphat,
