2640 4650
159 302 224 370 164
373 296 682 367 ltuouhttttt
725 296 840 384 fragm.
859 296 917 367 IV.
939 296 980 367 V.

248 527 411 627 [censens]
436 548 497 630 pru
518 529 617 593 nihilo
640 531 810 593 coutemnit
829 551 921 613 eum,
945 532 1028 594 mals
1048 536 1160 598 erebro

250 636 347 721 [Cum
368 638 518 720 moechis]
541 637 642 701 stultis
661 633 772 700 ludens
793 636 1083 721 inhonestiusiilis.

653 1081 692 1147 V.

49 1296 182 1362 mim-1
253 1258 368 1349 Panes
388 1285 442 1347 ills
463 1297 547 1347 secst
569 1297 600 1350 et
621 1286 655 1347 in
676 1285 747 1349 illes
768 1285 984 1361 distribuebat,

253 1395 365 1459 Carnis
387 1395 424 1458 de
437 1395 534 1457 senis
556 1394 648 1459 discis
669 1396 755 1483 quod
778 1410 810 1460 et
830 1392 944 1460 decidit
964 1393 1038 1458 iltis.

254 1505 311 1569 His
334 1506 499 1570 consolatis
523 1506 613 1568 laetis
634 1506 674 1571 ad
697 1506 791 1572 duma
809 1506 944 1570 reversis

244 1613 368 1695 Hospes
386 1613 461 1675 item
485 1612 578 1679 dixit:
599 1617 681 1678 ‘cum
705 1616 850 1688 Christus
864 1606 967 1696 'quem
987 1608 1065 1673 mihi
1080 1610 1183 1688 mittit,

164 1726 183 1782 ⁵
248 1725 340 1786 Tunc
353 1734 399 1786 est
410 1724 527 1804 pascha
537 1745 641 1787 meum
656 1725 734 1788 mihi
751 1728 864 1809 reique
880 1722 959 1785 meis
982 1722 1182 1795 celebratum,
1213 1807 1222 1816 .

250 1831 339 1896 Sicut
359 1831 391 1892 in
416 1833 473 1893 hae
495 1845 604 1911 nocte,
627 1833 702 1896 dum
722 1833 962 1897 laetificabimur
981 1853 1002 1894 a
1020 1844 1061 1895 tu.
1126 1826 1132 1830 ’

248 1942 306 2007 Est
326 1939 404 2003 mihi
424 1938 511 2025 quod
532 1941 620 2006 venit
640 1940 679 2005 de
702 1955 751 2023 ts,
773 1942 850 2023 deus
871 1955 907 2004 ut
928 1941 1008 2003 mihi
1029 1940 1152 2006 mittat.'

249 2048 311 2112 cui
339 2069 415 2111 mox
436 2047 475 2110 ds
497 2050 623 2131 scapula
644 2064 772 2132 partem
793 2048 888 2112 mittit
907 2069 1036 2132 quoque
1058 2067 1141 2124 sura,

249 2159 287 2222 In
312 2161 418 2241 plures
440 2159 520 2220 offas
544 2180 640 2243 quam
663 2156 858 2223 concidendo
879 2159 1015 2222 minutas
1081 2205 1084 2217 .

169 2273 209 2329 10
251 2270 314 2329 Pro
336 2267 537 2330 sacramentis
558 2287 675 2348 pueros
695 2267 832 2349 partitur
850 2266 885 2327 in
906 2286 1028 2331 omnes.

249 2376 325 2439 Pust
345 2377 422 2445 haec
448 2389 494 2438 sat
513 2376 593 2438 coeti
614 2375 759 2454 domino,
781 2388 829 2438 sat
849 2374 979 2458 punitur
999 2372 1072 2450 assi,

252 2485 349 2546 Potus
369 2496 402 2545 at
424 2485 458 2544 in
481 2497 590 2566 patera
609 2485 724 2547 summi
744 2485 863 2548 tuberis
883 2482 1035 2546 nucerina
1076 2478 1078 2482 ⁴

250 2592 416 2675 Praecipui
438 2593 506 2657 vini
525 2594 661 2675 piperati
681 2595 745 2657 sive
768 2592 926 2665 medonis,

251 2704 290 2769 In
312 2723 375 2785 qus
396 2703 445 2765 bis
464 2703 540 2765 bina
562 2716 636 2765 sunt
656 2724 753 2766 aurea
774 2702 905 2765 flumina
926 2699 1079 2780 sculptas

171 2816 209 2874 1⁵
253 2812 376 2874 Dextra
397 2810 448 2873 dei
468 2809 568 2874 fundo
588 2822 715 2892 paterae
735 2811 859 2874 confixa
878 2823 938 2875 stat
957 2809 1032 2887 imo,
1058 2843 1062 2850 ν

72 2901 75 2905 ’
254 2917 372 3001 Quam,
392 2918 466 2982 dum
487 2932 651 3008 pernoctat
673 2920 736 2999 ibi,
757 2920 884 3005 quidam
903 2935 1044 2984 summus
1063 2919 1094 2982 si
1123 2917 1185 2983 dat.

252 3030 435 3114 Numquam
453 3032 587 3112 gustavit
605 3042 709 3092 tamen
732 3052 773 3093 ex
792 3029 872 3107 hae,
892 3027 1007 3094 nisibi
1027 3026 1123 3090 mittit

256 3139 316 3203 Cui
336 3140 472 3205 servitur
492 3140 526 3202 in
548 3142 625 3217 hae,
649 3141 682 3201 in
704 3159 784 3222 opus
804 3146 947 3201 servatur
970 3146 1002 3197 st
1020 3131 1115 3198 istud.

252 3248 358 3312 Finita
378 3270 485 3326 coens,
507 3264 673 3334 postquam
695 3270 757 3333 que
779 3247 870 3310 datur
893 3228 955 3309 sibi
972 3245 1111 3327 lympha,

168 3366 211 3447 20
254 3355 370 3420 Fertur
390 3360 421 3420 ei
440 3361 566 3436 vinum,
592 3359 631 3421 de
653 3380 719 3443 quo
741 3356 822 3420 bibit
844 3367 874 3419 et
893 3346 1072 3430 sibi'mtsia

253 3457 319 3535 Qui
338 3459 466 3525 dederat
488 3462 632 3527 dominae
652 3463 759 3546 prius,
781 3476 811 3525 et
830 3472 901 3545 post
922 3457 1021 3533 ebibit
1037 3457 1115 3535 ipse·

251 3569 301 3632 De
323 3591 431 3632 mensa
452 3574 549 3654 surgit
568 3574 657 3636 miles
677 3571 897 3652 modicumque
920 3561 1075 3661 [resedit]
1136 3617 1137 3621 ,

204 3682 207 3688 '
251 3676 366 3761 Sitque
387 3686 491 3758 jacens
514 3695 647 3762 tractat,
681 3681 841 3745 hominem
864 3658 922 3760 qui
940 3666 1163 3756 gratificum]-

251 3784 393 3849 Tandem
416 3787 582 3853 matronae
602 3788 732 3854 dederat
750 3810 806 3851 sua
826 3784 923 3869 pallia
940 3791 1097 3864 prompte,

166 3899 208 3956 25
250 3896 353 3960 Possit
376 3907 413 3959 ut
434 3898 594 3962 ecelesiam
615 3899 659 3962 sie
681 3910 804 3978 compta
824 3894 959 3961 revisere
980 3903 1132 3955 sanctam.

250 4133 386 4237 Interea
407 4158 510 4224 Rufus
530 4155 608 4242 quid
630 4169 785 4239 agatnen
812 4166 1073 4259 praetersumus.-
1168 4148 1173 4166 ¹
