2640 4650
166 271 231 340 rtt
546 267 801 333 eculeis.

176 393 425 407 ...μ-1-

276 501 355 578 Quis
376 502 464 564 siccis
487 501 601 562 referet
622 502 721 562 oculis
745 480 917 582 opprobria
940 505 1061 580 mortis,

278 609 373 688 Quod
393 610 516 691 capitur
535 608 682 671 dominus
704 612 800 675 veluti
823 611 1004 674 mitissimus
1024 635 1133 694 agnus,

277 719 432 783 Praesidis
454 719 493 780 ad
515 718 619 781 sedem
641 719 759 780 vitulus
781 741 836 782 ceu
865 719 978 784 ductus
999 724 1038 786 ad
1062 723 1174 787 aram?

174 839 236 892 900
280 828 432 892 Caeditur
452 840 483 890 et
503 828 602 910 alapis
624 827 729 889 colafis
764 829 849 911 quod
870 829 1016 895 conditor
1036 837 1132 911 orbis,

278 936 426 999 Afficitur
447 936 567 1017 flagris,
597 939 820 1017 constringitur
841 938 981 1024 undique
1003 944 1091 1020 loris,

279 1047 396 1127 Spinea
420 1042 471 1107 cui
496 1045 599 1106 fertur
619 1047 700 1125 regis
721 1067 781 1125 pro
808 1054 878 1125 jure
901 1070 1028 1129 corona,

280 1151 458 1230 Tenditur,
481 1152 652 1233 expuitur,
674 1150 834 1215 deluditur
855 1168 950 1238 atque
970 1172 1112 1240 negatur,

279 1263 397 1326 Pocula
419 1261 529 1323 melliti
549 1261 616 1324 vini
638 1281 716 1322 mox
739 1260 815 1324 dant
833 1261 960 1342 sitienti,

279 1373 385 1436 Clavis
407 1371 549 1448 confixo,
571 1372 715 1451 perfosso
741 1372 869 1453 cuspide
892 1375 1030 1442 Christo.

283 1482 1203 1570 Haecsuntquaenostramperlambantundiquementem!

619 1587 747 1671 pardus.

284 1701 435 1762 ‘Plurima
459 1711 506 1761 sat
525 1700 610 1780 passi
630 1700 768 1762 tractasti
780 1705 921 1766 'vulnera
950 1703 1067 1769 Christi

279 1810 416 1883 Desine,
438 1829 527 1885 cara,
548 1827 678 1890 precor,
705 1813 768 1886 jam
790 1807 898 1874 desine
919 1810 1053 1877 fundere
1076 1813 1179 1892 fletus,

283 1915 455 1978 Nobiscum
479 1911 581 1994 gaude
610 1912 769 1994 depellens
790 1918 892 1980 tristia
911 1919 1049 2000 plaude!

589 2023 781 2104 philomena.
1117 2013 1120 2018 ¹

283 2136 386 2200 ‘Nunc
409 2154 539 2216 precor,
561 2145 597 2194 ut
620 2131 723 2212 dicas,
744 2156 801 2197 cur
821 2157 872 2198 me
891 2137 1027 2218 gaudere
1045 2147 1201 2226 rogabas?

281 2243 374 2308 Unde
396 2244 510 2307 etenim
529 2242 611 2304 tristi
631 2241 801 2322 persuades
818 2267 949 2326 parcere
965 2249 1085 2315 menti?

250 2358 253 2363 ’
279 2356 363 2418 Sunt
379 2354 457 2414 mihi
474 2352 555 2414 laeta
572 2351 708 2435 quidem,
730 2352 785 2415 sed
801 2367 889 2419 tanto
905 2356 1046 2438 pondere
1061 2370 1198 2427 mentem

280 2464 389 2525 iniero
414 2464 591 2541 lugentem,
621 2481 685 2544 quo
704 2482 755 2523 me
778 2485 835 2526 nec
855 2465 963 2529 vivere
983 2470 1106 2550 vellem,

282 2573 414 2654 Saepius
437 2583 553 2653 exopto
575 2569 679 2652 gelido
702 2592 753 2634 me
776 2571 899 2635 tradere
916 2575 1001 2637 leto.’

621 2679 750 2762 pardus.

283 2789 414 2858 ‘Verum
436 2793 464 2852 si
484 2809 627 2871 possem,
649 2787 736 2873 quod
757 2787 833 2852 dicia
844 2833 853 2867 ,
882 2787 1009 2853 credere
1029 2793 1151 2874 vellem,

282 2900 344 2965 Sed
366 2912 473 2984 pectus
494 2900 651 2962 lubricum
673 2900 823 2982 quoniam
844 2900 926 2979 gerla
947 2902 1166 2986 inperfectum,

264 3011 394 3075 -Proler
415 3023 575 3087 veracem,
597 3030 691 3092 quem
714 3010 831 3090 possim
854 3008 982 3072 credere
1004 3016 1137 3076 testem?

589 3120 782 3200 philomena.

225 3314 227 3319 Ι
282 3231 326 3293 Ut
350 3229 427 3314 quid
448 3230 520 3311 plus
539 3230 693 3304 referam,
727 3227 779 3290 vel
798 3230 902 3293 secula
923 3231 1018 3311 longa
1035 3231 1198 3297 retexam?

281 3339 356 3401 Non
364 3341 424 3401 tibi
440 3341 521 3401 laeta
540 3351 668 3398 manent
680 3335 766 3419 quod
778 3341 867 3418 prius
883 3340 923 3399 ab
944 3342 1071 3403 aethere
1080 3345 1195 3429 plantus

283 3449 397 3510 Pulsus
418 3439 573 3510 coelicolis
596 3449 713 3509 iterum
738 3449 937 3526 conjungitur
958 3448 1066 3527 almia;
1172 3524 1178 3534 ,

283 3553 374 3630 Quae
396 3561 495 3632 majus
519 3577 536 3616 a
558 3557 650 3618 nobis
675 3552 801 3616 tractari
821 3553 934 3632 gaudia
955 3541 1092 3636 posciss

284 3632 385 3738 Otium
409 3661 620 3745 paradisiacae
642 3659 826 3745 panduntur
854 3663 964 3725 limina
985 3669 1113 3745 portae?

624 3770 754 3853 pardus.
929 3748 937 3760 ’

286 3875 438 3940 ‘Sulliciat
459 3889 560 3941 tantas
581 3876 706 3958 iamiam
726 3881 887 3942 terebrare
914 3879 1072 3946 latebras)

595 3989 786 4068 philomena.
835 3998 839 4004 ’
926 4067 933 4077 ·

282 4087 410 4154 ‘Desere
435 4092 592 4170 daedalei,
612 4099 675 4171 ism
699 4063 806 4155 desere
831 4093 940 4156 limina
963 4097 1053 4157 tecti.’
