2640 4650
521 275 783 343 ECBASlS.
1090 271 1152 335 281

141 389 1155 421 ........-------·------··-·-—-

138 521 220 578 1090
242 512 293 576 Sic
315 515 358 575 sic
379 531 509 592 magnus
531 509 610 587 eris,
654 519 815 569 aeternum
837 523 953 565 nomen
973 504 1116 582 habebis,
1146 543 1147 548 κ

243 625 315 704 lpse
339 621 485 701 bilinguis
509 638 593 695 eras,
622 616 710 697 nepti
731 626 886 676 tormenta
907 613 1051 693 parabas,

241 728 308 792 Nec
331 730 436 791 minus
458 729 573 810 optati,
597 746 693 809 quam
716 726 789 785 iacti
811 742 913 804 poena
934 718 1048 780 luenda
1071 732 1134 781 est:

244 839 416 903 Vermibus
439 852 469 900 01
490 838 593 916 vespis
617 826 764 916 optabilis
786 852 855 894 esca
875 830 1010 909 jacebis!

210 927 300 1017 Inde
317 965 427 1034 petens
449 964 583 1014 castrum
606 947 696 1010 duxit
717 965 823 1008 secum
848 940 1044 1024 leopardum,

139 1070 221 1128 1095
242 1066 388 1130 Nuncius
410 1076 446 1126 nt
467 1063 548 1143 regis
572 1061 633 1123 sibi
655 1058 706 1121 det
728 1057 903 1126 munimina
924 1055 1018 1140 pacis.

198 1153 351 1241 Talibus
376 1176 516 1255 sculpis
539 1175 621 1235 sacta
644 1183 689 1232 est
711 1170 853 1250 expulsio
875 1169 989 1248 vulpis.
1071 1229 1076 1240 ,

234 1293 390 1356 ’8111110101
412 1287 502 1350 dictis
526 1285 565 1348 de
594 1295 682 1347 tauto
704 1284 826 1344 tramite
848 1280 972 1361 vulpis!

390 1472 396 1485 ι
602 1395 696 1454 luter.
930 1367 937 1378 κ

250 1507 345 1570 ‘Vere
368 1503 544 1580 sufficeret,
573 1502 686 1564 sinon
708 1498 849 1561 fortassis
871 1499 1009 1576 abesset3
1046 1540 1048 1544 -

249 1615 306 1677 Ast
326 1614 408 1675 bene
431 1610 548 1685 fecisti,
567 1606 653 1691 quod
677 1605 769 1668 nobis
800 1605 843 1665 sic
864 1603 1009 1666 reserasti

142 1729 226 1787 1100
249 1723 345 1784 Tecta
368 1720 442 1799 diu,
464 1718 566 1800 planis
590 1714 715 1778 nudans
737 1715 874 1776 archana
894 1713 1040 1791 loquelis.

161 1899 167 1905 ‚
246 1829 323 1893 Esse
346 1839 452 1909 potest
474 1828 513 1888 ab
536 1847 571 1888 re
593 1825 681 1910 quod
705 1823 807 1887 tardat
828 1823 937 1887 concio
958 1824 1081 1899 turbae,

246 1915 441 2000 commissus
463 1937 576 1997 sanctis
599 1935 779 2012 scrutabor,
808 1931 884 2015 quid
906 1944 993 2010 gerat
1013 1928 1123 1994 hostis.

245 2042 347 2102 Luter
369 2041 436 2102 adit
459 2041 580 2117 collim,
608 2043 664 2121 qui
685 2040 780 2119 cingit
800 2039 838 2100 de
861 2058 960 2119 prope
980 2057 1103 2118 rupem,

248 2151 397 2230 Aspectat
419 2150 548 2228 vulpem
569 2148 683 2228 pitacia
703 2133 818 2228 sciipta
836 2147 1012 2222 vehentem,

56 2239 68 2252 ’
144 2269 226 2325 1105
254 2260 401 2323 Testibus
418 2262 575 2342 appositis
596 2260 722 2324 fuerant
746 2283 827 2346 quae
848 2261 966 2322 folibus
989 2258 1061 2323 illis.

249 2372 368 2436 Coetus
391 2370 589 2449 eratfortis,
620 2373 819 2435 conclamans
839 2371 970 2436 vocibus
995 2370 1081 2432 altis:

171 2564 174 2569 ⁴
247 2480 350 2560 ‘Regis
373 2494 578 2564 praeceptum
600 2503 765 2565 nunquam
788 2483 958 2545 frustretur
978 2479 1123 2556 inultum,

247 2591 433 2653 Passeribus
456 2591 572 2673 prosit,
603 2592 658 2674 qui
693 2592 775 2670 regis
796 2597 881 2669 jussa
902 2590 1018 2652 refellit

246 2697 1166 2782 Sublateransquemquam,nonhocsibiproderitunquam.

140 2814 223 2871 1110
246 2806 281 2868 Si
301 2799 424 2868 scandit
445 2802 567 2881 fraude,
588 2826 664 2868 mox
689 2805 809 2868 mistica
831 2805 964 2867 seminat
986 2825 1052 2886 ore,

250 2898 426 2993 Perplexos
449 2933 574 2976 morsus
595 2913 758 2994 resupinat
778 2912 873 2976 corde
895 2914 1033 2995 lupinus,

250 3019 420 3084 Occultans
444 3023 603 3097 animum,
637 3034 734 3084 certat
754 3024 936 3087 subvertere
956 3029 1083 3100 justum.
1138 3003 1141 3007 ¹

244 3131 360 3194 Mortis
396 3131 447 3194 hie
477 3142 523 3193 est
552 3151 654 3192 annus
678 3131 784 3194 viroso
802 3132 965 3224 ¹escamine
994 3144 1102 3211 teptus,

243 3240 400 3321 Propinat
422 3251 554 3302 mortem
581 3237 656 3300 dum
679 3238 769 3319 fingit
789 3241 872 3303 ferre
894 3243 1035 3305 salutem.
1119 3261 1121 3264 ·

144 3350 229 3410 1115
254 3345 414 3411 Fraudem
439 3369 533 3429 quam
555 3349 629 3409 fecit
649 3348 784 3411 vicinam
805 3351 935 3414 confore
957 3333 1074 3412 scribit.

253 3449 350 3530 Quod
373 3457 442 3517 sine
463 3457 530 3537 lege
553 3457 652 3534 stetit,
671 3479 745 3523 vere
768 3460 835 3525 sine
854 3461 922 3539 lege
944 3460 1069 3541 peribit.

247 3563 316 3626 Hos
339 3578 485 3646 repetens
503 3564 596 3631 ludos
617 3568 756 3631 enutriat
776 3571 810 3630 in
833 3589 923 3632 cruce
944 3590 1064 3648 corvos,

242 3670 283 3731 Et
301 3673 413 3735 famuli
434 3696 571 3759 nequam
592 3675 689 3740 vincti
712 3661 877 3741 mittantur
896 3676 1058 3741 Ylerdam.

243 3780 403 3843 Vestitura
428 3780 494 3845 dati
518 3787 685 3846 confestim
708 3785 852 3848 redditur
871 3785 937 3851 illi!

142 3892 225 3949 1120
246 3887 397 3953 Audierat
419 3911 568 3972 proceres
589 3892 663 3955 istas
681 3892 846 3975 imponere
869 3897 962 3975 leges,

247 3995 388 4061 Territus
410 4000 493 4072 hisce
513 4001 623 4081 minis,
652 4015 816 4084 correptus
840 4016 945 4065 mente
970 4001 1098 4082 luroris,

248 4100 361 4169 Omnia
384 4129 463 4192 quae
485 4109 561 4174 vidit
578 4112 717 4191 relegens
735 4135 776 4176 ex
799 4113 909 4177 ordine
931 4111 1049 4196 pandit,

106 899 113 927 l
