2640 4650
553 250 817 321 seorsis.

396 462 399 467 ⁵
501 485 638 568 psitacus
671 479 872 562 philomelae.

279 597 423 659 ‘Plectris
444 593 615 657 dulcisonis
636 610 783 654 curarum
803 587 923 648 semina
943 584 1045 665 pellis,

280 707 332 769 Tu
354 705 485 768 cumeis
508 701 594 787 quod
617 720 674 780 ego
697 697 839 762 fortassis
862 695 985 757 cautior
1007 695 1086 772 ullo,

176 823 259 881 1085
282 817 376 882 Nunc
397 816 430 877 in
454 835 560 879 amore
582 810 645 873 mci
667 818 843 889 comportes
864 807 988 868 somnia
1008 804 1094 884 regi!

600 920 782 1002 philomela.

284 1030 387 1109 ‘Quod
400 1031 479 1112 petis
489 1030 550 1094 hoc
560 1049 717 1112 peragam,
725 1048 849 1089 causam
863 1046 927 1089 non
937 1046 1055 1108 respuo
1066 1029 1206 1105 jussam?

282 1141 352 1202 Rex
375 1139 431 1201 ubi
456 1139 565 1201 melliti
587 1140 709 1221 capitur
730 1135 896 1199 dulcedine
917 1137 1037 1218 plectri,

280 1248 470 1315 Obdormirc
492 1261 601 1329 parat,
622 1248 734 1329 sculpes
758 1245 885 1309 differre
903 1248 1035 1310 laboret.
1077 1260 1080 1265 '

631 1358 754 1439 vulpes.

285 1463 448 1526 ‘Naturale
469 1462 528 1524 tibi
551 1463 712 1528 confirmat
735 1462 850 1544 pagina
869 1460 962 1539 libri,

177 1583 261 1640 1070
283 1572 377 1652 Quod
392 1571 511 1636 dormis
526 1572 644 1654 triduo,
656 1572 710 1636 sed
720 1557 1201 1655 quidmanetbospesinantroi’

619 1683 749 1764 pardus.
1137 1685 1144 1697 '

281 1792 417 1854 ‘Defessi
436 1789 574 1867 veniant,
594 1803 728 1874 pausent
744 1788 901 1879 modicum
923 1803 1018 1872 atque
1031 1786 1201 1851 redibunt.’

277 1903 414 1983 Expleto
436 1898 543 1964 triduo
566 1923 625 1963 rex
647 1922 723 1963 mox
746 1898 886 1962 discessit
906 1902 946 1961 ab
968 1910 1071 1976 antro,

280 2009 322 2072 Et
344 1984 555 2081 Strtrarzuualt
572 2008 681 2089 petiit,
704 2009 898 2070 alemannica
918 2027 996 2069 rura
1014 2004 1131 2086 revisit,
1172 1987 1175 1991 ¹

281 2118 480 2199 Divitiasque
502 2117 616 2179 domus
639 2130 769 2198 usurpat
790 2138 867 2180 mox
889 2118 951 2178 sibi
971 2114 1098 2197 pardus.

178 2233 260 2291 1075
283 2226 400 2306 cignus
420 2227 635 2289 Nortmannos
659 2225 816 2309 possedit,
838 2226 973 2306 psitacus
994 2223 1100 2303 Indos,

281 2334 403 2399 Pardus
424 2334 515 2397 duxit
540 2357 613 2399 ares
635 2335 674 2399 ad
695 2351 800 2417 partes
822 2334 1007 2398 occiduales.

206 2422 215 2432 ι
279 2445 339 2506 His
359 2445 404 2506 ita
423 2441 571 2524 dispersis
592 2445 635 2506 sic
649 2443 683 2506 fit
702 2442 845 2524 migratio
867 2444 981 2524 vulpis,

279 2553 330 2617 Ad
358 2573 511 2635 proavum
534 2550 651 2630 tendit,
687 2555 844 2634 probrosa
865 2551 988 2634 epitafia
1010 2551 1132 2616 scribite

602 2661 772 2744 epitafium.

285 2768 498 2835 ‘Conveniens
520 2768 631 2832 curtim
660 2790 791 2853 parram
812 2788 964 2834 venerare
981 2759 1154 2845 eohortem,

178 2887 263 2941 1080
284 2879 389 2941 Flecte
413 2876 516 2958 capud
537 2877 680 2940 timidum
705 2892 867 2960 susceptus
887 2876 960 2940 sede
981 2888 1157 2959 potentum,

280 2986 512 3053 Praemeditare
542 2989 648 3068 prius,
677 3009 757 3070 quae
782 2986 866 3067 [des]
889 2988 1061 3067 aenigmata
1082 2999 1198 3066 cautus,

284 3097 389 3159 Rarus
409 3092 441 3158 in
466 3099 612 3180 eloqui0,
633 3098 744 3160 sollers
766 3118 911 3160 sermone
933 3095 1078 3176 serendo,
1102 3094 1106 3101 ’
1153 3075 1155 3079 ¹

281 3205 376 3268 Falsa
388 3207 486 3290 ¹loqui
506 3207 606 3287 fugito
613 3251 623 3286 ,
648 3205 793 3270 reseratis
817 3209 946 3270 auribus
968 3221 1045 3283 esto,
1124 3185 1128 3189 ’

281 3312 366 3389 Quid
389 3314 429 3377 de
450 3336 578 3399 quoque
597 3316 686 3397 viro,
708 3330 740 3378 et
761 3318 812 3378 cui
836 3314 939 3389 dicas,
966 3335 1060 3400 saepe
1084 3312 1200 3394 videto,

179 3426 261 3484 1085
285 3419 386 3503 Saepe
406 3441 503 3502 rogus
524 3422 667 3488 modicus
690 3424 845 3489 comburit
866 3428 1001 3489 culmina
1024 3427 1131 3506 saltus,

280 3527 364 3591 Nem
385 3531 525 3609 neglecta
547 3536 648 3597 solent
668 3532 815 3599 incendia
848 3556 971 3598 sumere
992 3537 1094 3620 vires5

283 3636 399 3703 Officio
419 3637 544 3720 linguae
567 3645 690 3706 nullum
715 3645 877 3708 frustreris
897 3647 1032 3729 bonore,

280 3745 361 3807 Nam
382 3757 437 3807 tua
459 3768 511 3810 res
533 3750 650 3828 agitur,
671 3752 775 3832 paries
798 3773 869 3829 cum
894 3756 1059 3834 proximus
1081 3744 1180 3811 ardet.

284 3850 336 3915 Sic
356 3851 476 3916 tibimet
499 3875 592 3920 verae
624 3860 780 3939 continget
801 3858 899 3940 gratia
922 3859 1034 3925 famae,

224 4074 292 4124 1011
313 4075 417 4128 veniunt
434 4075 465 4129 A.
509 4077 578 4128 1013
596 4079 749 4130 tuuezuualt
769 4080 799 4133 Α.
819 4078 848 4132 Β.
906 4079 971 4128 1081
993 4075 1040 4129 des
1057 4075 1198 4142 zugettgt.
