<?xml version="1.0" encoding="UTF-8"?>
<!DOCTYPE html PUBLIC "-//W3C//DTD XHTML 1.0 Transitional//EN"
    "http://www.w3.org/TR/xhtml1/DTD/xhtml1-transitional.dtd">
<html xmlns="http://www.w3.org/1999/xhtml" xml:lang="en" lang="en">
 <head>
  <title>
</title>
<meta http-equiv="Content-Type" content="text/html;charset=utf-8" />
  <meta name='ocr-system' content='tesseract 3.04.00' />
  <meta name='ocr-capabilities' content='ocr_page ocr_carea ocr_par ocr_line ocrx_word'/>
</head>
<body>
  <div class='ocr_page' id='page_1' title='image "./lateinischegedi00schmgoog/lateinischegedi00schmgoog_0212.png"; bbox 0 0 2640 4650; ppageno 0'>
   <div class='ocr_carea' id='block_1_1' title="bbox 168 254 947 341">
    <p class='ocr_par' dir='ltr' id='par_1_1' title="bbox 168 254 947 341">
     <span class='ocr_line' id='line_1_1' title="bbox 168 254 947 341; baseline -0.008 -14"><span class='ocrx_word' id='word_1_1' title='bbox 168 261 231 327; x_wconf 80' lang='lat' dir='ltr'><strong>ns</strong></span> <span class='ocrx_word' id='word_1_2' title='bbox 405 257 709 325; x_wconf 80' lang='lat' dir='ltr'><strong>nuonntnc</strong></span> <span class='ocrx_word' id='word_1_3' title='bbox 752 256 869 341; x_wconf 75' lang='lat' dir='ltr'><strong>fragm.</strong></span> <span class='ocrx_word' id='word_1_4' title='bbox 886 254 947 321; x_wconf 89' lang='lat'>111.</span> 
     </span>
    </p>
   </div>
   <div class='ocr_carea' id='block_1_2' title="bbox 166 474 1218 2097">
    <p class='ocr_par' dir='ltr' id='par_1_2' title="bbox 252 474 1130 680">
     <span class='ocr_line' id='line_1_2' title="bbox 253 474 1130 567; baseline 0.003 -14"><span class='ocrx_word' id='word_1_5' title='bbox 253 489 325 565; x_wconf 87' lang='lat' dir='ltr'><strong>Quo</strong></span> <span class='ocrx_word' id='word_1_6' title='bbox 348 491 421 553; x_wconf 93' lang='lat' dir='ltr'><strong>dum</strong></span> <span class='ocrx_word' id='word_1_7' title='bbox 445 510 504 552; x_wconf 89' lang='lat' dir='ltr'><strong>rex</strong></span> <span class='ocrx_word' id='word_1_8' title='bbox 527 489 613 551; x_wconf 89' lang='lat' dir='ltr'><strong>venit</strong></span> <span class='ocrx_word' id='word_1_9' title='bbox 636 487 759 549; x_wconf 84' lang='lat' dir='ltr'><strong>missam</strong></span> <span class='ocrx_word' id='word_1_10' title='bbox 784 486 1004 567; x_wconf 72' lang='lat' dir='ltr'>properantius</span> <span class='ocrx_word' id='word_1_11' title='bbox 1026 474 1130 555; x_wconf 80' lang='lat' dir='ltr'><strong>aetdit</strong></span> 
     </span>
     <span class='ocr_line' id='line_1_3' title="bbox 252 594 975 680; baseline -0.003 -22"><span class='ocrx_word' id='word_1_12' title='bbox 252 600 292 661; x_wconf 79' lang='lat' dir='ltr'><strong>lit</strong></span> <span class='ocrx_word' id='word_1_13' title='bbox 312 621 372 680; x_wconf 91' lang='lat' dir='ltr'><strong>per</strong></span> <span class='ocrx_word' id='word_1_14' title='bbox 392 601 528 678; x_wconf 84' lang='lat' dir='ltr'><strong>legatum</strong></span> <span class='ocrx_word' id='word_1_15' title='bbox 551 598 617 678; x_wconf 82' lang='lat' dir='ltr'><strong>regi</strong></span> <span class='ocrx_word' id='word_1_16' title='bbox 639 595 805 659; x_wconf 84' lang='lat' dir='ltr'><strong>demandat</strong></span> <span class='ocrx_word' id='word_1_17' title='bbox 830 594 975 673; x_wconf 89' lang='lat' dir='ltr'><strong>eundem,</strong></span> 
     </span>
    </p>

    <p class='ocr_par' dir='ltr' id='par_1_3' title="bbox 168 707 1166 1118">
     <span class='ocr_line' id='line_1_4' title="bbox 168 707 1064 789; baseline 0 -20"><span class='ocrx_word' id='word_1_18' title='bbox 168 715 205 771; x_wconf 80' lang='lat' dir='ltr'><strong>ts</strong></span> <span class='ocrx_word' id='word_1_19' title='bbox 250 707 313 783; x_wconf 81' lang='lat' dir='ltr'><strong>Qui</strong></span> <span class='ocrx_word' id='word_1_20' title='bbox 336 711 437 771; x_wconf 87' lang='lat' dir='ltr'><strong>luerat</strong></span> <span class='ocrx_word' id='word_1_21' title='bbox 460 730 564 770; x_wconf 88' lang='lat' dir='ltr'><strong>rerum</strong></span> <span class='ocrx_word' id='word_1_22' title='bbox 591 709 678 789; x_wconf 88' lang='lat' dir='ltr'><strong>prius</strong></span> <span class='ocrx_word' id='word_1_23' title='bbox 699 708 913 770; x_wconf 72' lang='lat' dir='ltr'><strong>internuntius</strong></span> <span class='ocrx_word' id='word_1_24' title='bbox 934 708 1064 784; x_wconf 85' lang='lat' dir='ltr'><strong>barum,</strong></span> 
     </span>
     <span class='ocr_line' id='line_1_5' title="bbox 251 816 1166 898; baseline 0.002 -19"><span class='ocrx_word' id='word_1_25' title='bbox 251 821 401 881; x_wconf 84' lang='lat' dir='ltr'><strong>Primitus</strong></span> <span class='ocrx_word' id='word_1_26' title='bbox 426 831 460 879; x_wconf 87' lang='lat' dir='ltr'><strong>ut</strong></span> <span class='ocrx_word' id='word_1_27' title='bbox 481 816 607 881; x_wconf 84' lang='lat' dir='ltr'><strong>videant</strong></span> <span class='ocrx_word' id='word_1_28' title='bbox 627 837 711 893; x_wconf 85' lang='lat' dir='ltr'><strong>sese,</strong></span> <span class='ocrx_word' id='word_1_29' title='bbox 734 838 828 897; x_wconf 86' lang='lat' dir='ltr'><strong>quam</strong></span> <span class='ocrx_word' id='word_1_30' title='bbox 850 816 984 898; x_wconf 89' lang='lat' dir='ltr'><strong>prandia</strong></span> <span class='ocrx_word' id='word_1_31' title='bbox 1010 830 1166 881; x_wconf 84' lang='lat' dir='ltr'><strong>sumant.</strong></span> 
     </span>
     <span class='ocr_line' id='line_1_6' title="bbox 251 925 1140 1007; baseline -0.001 -17"><span class='ocrx_word' id='word_1_32' title='bbox 251 928 352 1006; x_wconf 83' lang='lat' dir='ltr'>Quem</span> <span class='ocrx_word' id='word_1_33' title='bbox 373 949 449 1003; x_wconf 84' lang='lat' dir='ltr'><strong>rex,</strong></span> <span class='ocrx_word' id='word_1_34' title='bbox 487 940 521 988; x_wconf 84' lang='lat' dir='ltr'><strong>ut</strong></span> <span class='ocrx_word' id='word_1_35' title='bbox 541 926 635 1002; x_wconf 84' lang='lat' dir='ltr'><strong>vidit,</strong></span> <span class='ocrx_word' id='word_1_36' title='bbox 668 929 748 988; x_wconf 90' lang='lat' dir='ltr'><strong>bene</strong></span> <span class='ocrx_word' id='word_1_37' title='bbox 784 925 1140 1007; x_wconf 74' lang='lat' dir='ltr'><strong>subridendorecepit,</strong></span> 
     </span>
     <span class='ocr_line' id='line_1_7' title="bbox 251 1035 1118 1118; baseline -0.003 -16"><span class='ocrx_word' id='word_1_38' title='bbox 251 1037 365 1102; x_wconf 83' lang='lat' dir='ltr'>Oscula</span> <span class='ocrx_word' id='word_1_39' title='bbox 390 1036 505 1118; x_wconf 88' lang='lat' dir='ltr'><strong>datque</strong></span> <span class='ocrx_word' id='word_1_40' title='bbox 528 1036 598 1112; x_wconf 83' lang='lat' dir='ltr'><strong>sibi,</strong></span> <span class='ocrx_word' id='word_1_41' title='bbox 627 1035 713 1118; x_wconf 87' lang='lat' dir='ltr'><strong>‘quid</strong></span> <span class='ocrx_word' id='word_1_42' title='bbox 736 1056 845 1097; x_wconf 88' lang='lat' dir='ltr'><strong>narras</strong></span> <span class='ocrx_word' id='word_1_43' title='bbox 854 1037 878 1098; x_wconf 74' lang='lat'><strong>‘3’</strong></span> <span class='ocrx_word' id='word_1_44' title='bbox 906 1049 976 1117; x_wconf 86' lang='lat' dir='ltr'><strong>post</strong></span> <span class='ocrx_word' id='word_1_45' title='bbox 997 1036 1041 1097; x_wconf 88' lang='lat' dir='ltr'><strong>ait</strong></span> <span class='ocrx_word' id='word_1_46' title='bbox 1063 1036 1118 1099; x_wconf 89' lang='lat' dir='ltr'><strong>illi</strong></span> 
     </span>
    </p>

    <p class='ocr_par' dir='ltr' id='par_1_4' title="bbox 183 1145 1183 1234">
     <span class='ocr_line' id='line_1_8' title="bbox 183 1145 1183 1234; baseline -0.002 -25"><span class='ocrx_word' id='word_1_47' title='bbox 183 1228 187 1234; x_wconf 13' lang='grc' dir='ltr'><strong><em>ἢ</em></strong></span> <span class='ocrx_word' id='word_1_48' title='bbox 252 1147 366 1212; x_wconf 86' lang='lat' dir='ltr'><strong>‘Omne</strong></span> <span class='ocrx_word' id='word_1_49' title='bbox 389 1149 508 1208; x_wconf 88' lang='lat' dir='ltr'><strong>bonnm</strong></span> <span class='ocrx_word' id='word_1_50' title='bbox 534 1145 596 1207; x_wconf 91' lang='lat' dir='ltr'><strong>dici</strong></span> <span class='ocrx_word' id='word_1_51' title='bbox 613 1145 730 1208; x_wconf 86' lang='lat' dir='ltr'><strong>tibide</strong></span> <span class='ocrx_word' id='word_1_52' title='bbox 752 1168 801 1208; x_wconf 93' lang='lat' dir='ltr'><strong>me</strong></span> <span class='ocrx_word' id='word_1_53' title='bbox 824 1158 870 1208; x_wconf 85' lang='lat' dir='ltr'><strong>sat</strong></span> <span class='ocrx_word' id='word_1_54' title='bbox 892 1145 1058 1209; x_wconf 90' lang='lat' dir='ltr'><strong>meruisti.’</strong></span> <span class='ocrx_word' id='word_1_55' title='bbox 1083 1178 1134 1197; x_wconf 90' lang='lat'><strong>·-</strong></span> <span class='ocrx_word' id='word_1_56' title='bbox 1179 1208 1183 1213; x_wconf 85' lang='grc'><strong>,</strong></span> 
     </span>
    </p>

    <p class='ocr_par' dir='ltr' id='par_1_5' title="bbox 166 1254 1160 1777">
     <span class='ocr_line' id='line_1_9' title="bbox 166 1254 1120 1335; baseline 0.001 -17"><span class='ocrx_word' id='word_1_57' title='bbox 166 1265 208 1318; x_wconf 78' lang='lat'><strong>20</strong></span> <span class='ocrx_word' id='word_1_58' title='bbox 253 1256 313 1318; x_wconf 82' lang='lat' dir='ltr'><strong>‘Ad</strong></span> <span class='ocrx_word' id='word_1_59' title='bbox 335 1268 365 1317; x_wconf 88' lang='lat' dir='ltr'><strong>te</strong></span> <span class='ocrx_word' id='word_1_60' title='bbox 388 1276 436 1317; x_wconf 92' lang='lat' dir='ltr'><strong>me</strong></span> <span class='ocrx_word' id='word_1_61' title='bbox 462 1257 543 1317; x_wconf 81' lang='lat' dir='ltr'><strong>misit</strong></span> <span class='ocrx_word' id='word_1_62' title='bbox 565 1262 633 1316; x_wconf 87' lang='lat' dir='ltr'><strong>rex&#39;</strong></span> <span class='ocrx_word' id='word_1_63' title='bbox 656 1269 684 1318; x_wconf 92' lang='lat' dir='ltr'><strong>et</strong></span> <span class='ocrx_word' id='word_1_64' title='bbox 708 1259 764 1318; x_wconf 90' lang='lat' dir='ltr'><strong>tibi</strong></span> <span class='ocrx_word' id='word_1_65' title='bbox 784 1277 834 1317; x_wconf 88' lang='lat' dir='ltr'><strong>mc</strong></span> <span class='ocrx_word' id='word_1_66' title='bbox 857 1254 960 1318; x_wconf 85' lang='lat' dir='ltr'>dicere</span> <span class='ocrx_word' id='word_1_67' title='bbox 983 1256 1088 1335; x_wconf 84' lang='lat' dir='ltr'><strong>jussit,</strong></span> <span class='ocrx_word' id='word_1_68' title='bbox 1117 1318 1120 1325; x_wconf 88' lang='grc'><strong>,</strong></span> 
     </span>
     <span class='ocr_line' id='line_1_10' title="bbox 250 1365 1110 1449; baseline -0.001 -19"><span class='ocrx_word' id='word_1_69' title='bbox 250 1368 300 1430; x_wconf 89' lang='lat' dir='ltr'><strong>Ne</strong></span> <span class='ocrx_word' id='word_1_70' title='bbox 323 1365 479 1447; x_wconf 89' lang='lat' dir='ltr'><strong>prandere</strong></span> <span class='ocrx_word' id='word_1_71' title='bbox 505 1366 582 1431; x_wconf 84' lang='lat' dir='ltr'><strong>velis</strong></span> <span class='ocrx_word' id='word_1_72' title='bbox 604 1367 712 1446; x_wconf 89' lang='lat' dir='ltr'><strong>prius,</strong></span> <span class='ocrx_word' id='word_1_73' title='bbox 744 1367 832 1427; x_wconf 92' lang='lat' dir='ltr'><strong>illum</strong></span> <span class='ocrx_word' id='word_1_74' title='bbox 856 1388 951 1449; x_wconf 92' lang='lat' dir='ltr'><strong>quam</strong></span> <span class='ocrx_word' id='word_1_75' title='bbox 974 1368 1110 1429; x_wconf 84' lang='lat' dir='ltr'><strong>tuearis.</strong></span> 
     </span>
     <span class='ocr_line' id='line_1_11' title="bbox 253 1474 1160 1558; baseline 0 -18"><span class='ocrx_word' id='word_1_76' title='bbox 253 1474 375 1540; x_wconf 86' lang='lat' dir='ltr'><strong>Obvius</strong></span> <span class='ocrx_word' id='word_1_77' title='bbox 399 1475 437 1536; x_wconf 90' lang='lat' dir='ltr'><strong>ad</strong></span> <span class='ocrx_word' id='word_1_78' title='bbox 461 1490 588 1556; x_wconf 87' lang='lat' dir='ltr'><strong>pontem</strong></span> <span class='ocrx_word' id='word_1_79' title='bbox 610 1477 697 1537; x_wconf 85' lang='lat' dir='ltr'><strong>venit</strong></span> <span class='ocrx_word' id='word_1_80' title='bbox 725 1477 750 1536; x_wconf 86' lang='lat' dir='ltr'><strong>is</strong></span> <span class='ocrx_word' id='word_1_81' title='bbox 773 1477 831 1537; x_wconf 90' lang='lat' dir='ltr'><strong>tibi</strong></span> <span class='ocrx_word' id='word_1_82' title='bbox 858 1495 917 1538; x_wconf 90' lang='lat' dir='ltr'><strong>nos</strong></span> <span class='ocrx_word' id='word_1_83' title='bbox 938 1474 1160 1558; x_wconf 77' lang='lat' dir='ltr'><strong>dirimentem,</strong></span> 
     </span>
     <span class='ocr_line' id='line_1_12' title="bbox 250 1584 1054 1661; baseline -0.004 -12"><span class='ocrx_word' id='word_1_84' title='bbox 250 1590 320 1649; x_wconf 87' lang='lat' dir='ltr'><strong>Pax</strong></span> <span class='ocrx_word' id='word_1_85' title='bbox 342 1588 385 1649; x_wconf 90' lang='lat' dir='ltr'><strong>ibi</strong></span> <span class='ocrx_word' id='word_1_86' title='bbox 410 1586 562 1660; x_wconf 70' lang='lat' dir='ltr'><strong>licuntur,</strong></span> <span class='ocrx_word' id='word_1_87' title='bbox 593 1605 644 1645; x_wconf 86' lang='lat' dir='ltr'><strong>res</strong></span> <span class='ocrx_word' id='word_1_88' title='bbox 671 1584 772 1645; x_wconf 78' lang='lat' dir='ltr'><strong>ornnis</strong></span> <span class='ocrx_word' id='word_1_89' title='bbox 794 1597 824 1647; x_wconf 89' lang='lat' dir='ltr'><strong>et</strong></span> <span class='ocrx_word' id='word_1_90' title='bbox 845 1584 1054 1661; x_wconf 86' lang='lat' dir='ltr'><strong>adbreviatur,</strong></span> 
     </span>
     <span class='ocr_line' id='line_1_13' title="bbox 253 1693 1038 1777; baseline -0.003 -20"><span class='ocrx_word' id='word_1_91' title='bbox 253 1695 346 1776; x_wconf 87' lang='lat' dir='ltr'><strong>Capti</strong></span> <span class='ocrx_word' id='word_1_92' title='bbox 368 1693 544 1755; x_wconf 87' lang='lat' dir='ltr'><strong>redduntur</strong></span> <span class='ocrx_word' id='word_1_93' title='bbox 567 1707 672 1775; x_wconf 87' lang='lat' dir='ltr'><strong>captos</strong></span> <span class='ocrx_word' id='word_1_94' title='bbox 694 1718 726 1758; x_wconf 88' lang='lat' dir='ltr'><strong>se</strong></span> <span class='ocrx_word' id='word_1_95' title='bbox 751 1716 830 1755; x_wconf 86' lang='lat' dir='ltr'><strong>neve</strong></span> <span class='ocrx_word' id='word_1_96' title='bbox 852 1707 1038 1777; x_wconf 84' lang='lat' dir='ltr'><strong>queruntur,</strong></span> 
     </span>
    </p>

    <p class='ocr_par' dir='ltr' id='par_1_6' title="bbox 166 1798 1218 2097">
     <span class='ocr_line' id='line_1_14' title="bbox 166 1798 1154 1883; baseline -0.007 -15"><span class='ocrx_word' id='word_1_97' title='bbox 166 1812 208 1867; x_wconf 81' lang='lat'><strong>25</strong></span> <span class='ocrx_word' id='word_1_98' title='bbox 250 1802 332 1863; x_wconf 86' lang='lat' dir='ltr'><strong>Nam</strong></span> <span class='ocrx_word' id='word_1_99' title='bbox 355 1802 510 1862; x_wconf 86' lang='lat' dir='ltr'><strong>meliorati</strong></span> <span class='ocrx_word' id='word_1_100' title='bbox 533 1798 684 1878; x_wconf 89' lang='lat' dir='ltr'><strong>redeunt,</strong></span> <span class='ocrx_word' id='word_1_101' title='bbox 714 1823 777 1864; x_wconf 92' lang='lat' dir='ltr'><strong>non</strong></span> <span class='ocrx_word' id='word_1_102' title='bbox 801 1801 972 1863; x_wconf 65' lang='lat' dir='ltr'><strong>attenuati)</strong></span> <span class='ocrx_word' id='word_1_103' title='bbox 992 1832 1034 1847; x_wconf 95' lang='lat'>-</span> <span class='ocrx_word' id='word_1_104' title='bbox 1151 1878 1154 1883; x_wconf 22' lang='grc' dir='ltr'>Ι</span> 
     </span>
     <span class='ocr_line' id='line_1_15' title="bbox 251 1909 1218 1990; baseline -0.006 -17"><span class='ocrx_word' id='word_1_105' title='bbox 251 1913 339 1987; x_wconf 83' lang='lat' dir='ltr'><strong>Rex,</strong></span> <span class='ocrx_word' id='word_1_106' title='bbox 371 1912 423 1971; x_wconf 89' lang='lat' dir='ltr'><strong>‘ita</strong></span> <span class='ocrx_word' id='word_1_107' title='bbox 445 1909 524 1985; x_wconf 86' lang='lat' dir='ltr'><strong>fiat,’</strong></span> <span class='ocrx_word' id='word_1_108' title='bbox 554 1911 612 1990; x_wconf 88' lang='lat' dir='ltr'><strong>ait;</strong></span> <span class='ocrx_word' id='word_1_109' title='bbox 637 1909 807 1972; x_wconf 83' lang='lat' dir='ltr'><strong>aditorum</strong></span> <span class='ocrx_word' id='word_1_110' title='bbox 831 1911 1131 1978; x_wconf 85' lang='lat' dir='ltr'><strong>missusrentoavit.</strong></span> <span class='ocrx_word' id='word_1_111' title='bbox 1208 1952 1218 1967; x_wconf 87' lang='grc'><strong><em>,</em></strong></span> 
     </span>
     <span class='ocr_line' id='line_1_16' title="bbox 251 2019 1034 2097; baseline 0 -18"><span class='ocrx_word' id='word_1_112' title='bbox 251 2020 338 2079; x_wconf 90' lang='lat' dir='ltr'><strong>Dum</strong></span> <span class='ocrx_word' id='word_1_113' title='bbox 362 2029 579 2080; x_wconf 86' lang='lat' dir='ltr'><strong>convenerunt</strong></span> <span class='ocrx_word' id='word_1_114' title='bbox 600 2039 687 2097; x_wconf 82' lang='lat' dir='ltr'><strong>reges</strong></span> <span class='ocrx_word' id='word_1_115' title='bbox 711 2020 766 2079; x_wconf 89' lang='lat' dir='ltr'><strong>ubi</strong></span> <span class='ocrx_word' id='word_1_116' title='bbox 796 2019 1034 2093; x_wconf 85' lang='lat' dir='ltr'><strong>constituerunt,</strong></span> 
     </span>
    </p>
   </div>
   <div class='ocr_carea' id='block_1_3' title="bbox 251 2110 1201 2211">
    <p class='ocr_par' dir='ltr' id='par_1_7' title="bbox 251 2110 1201 2211">
     <span class='ocr_line' id='line_1_17' title="bbox 251 2110 1201 2211; baseline 0.004 -22"><span class='ocrx_word' id='word_1_117' title='bbox 251 2127 305 2189; x_wconf 89' lang='lat' dir='ltr'><strong>Nil</strong></span> <span class='ocrx_word' id='word_1_118' title='bbox 326 2130 453 2210; x_wconf 87' lang='lat' dir='ltr'><strong>penitus</strong></span> <span class='ocrx_word' id='word_1_119' title='bbox 475 2127 593 2211; x_wconf 70' lang='lat' dir='ltr'><strong>dicunt⁸</strong></span> <span class='ocrx_word' id='word_1_120' title='bbox 614 2128 690 2205; x_wconf 90' lang='lat' dir='ltr'><strong>sibi,</strong></span> <span class='ocrx_word' id='word_1_121' title='bbox 726 2149 821 2210; x_wconf 90' lang='lat' dir='ltr'><strong>quam</strong></span> <span class='ocrx_word' id='word_1_122' title='bbox 844 2129 932 2209; x_wconf 88' lang='lat' dir='ltr'><strong>prins</strong></span> <span class='ocrx_word' id='word_1_123' title='bbox 954 2128 1060 2189; x_wconf 89' lang='lat' dir='ltr'><strong>oscula</strong></span> <span class='ocrx_word' id='word_1_124' title='bbox 1079 2110 1201 2210; x_wconf 81' lang='lat' dir='ltr'><strong>figunt.</strong></span> 
     </span>
    </p>
   </div>
   <div class='ocr_carea' id='block_1_4' title="bbox 54 2237 1197 4189">
    <p class='ocr_par' dir='ltr' id='par_1_8' title="bbox 54 2237 1197 2756">
     <span class='ocr_line' id='line_1_18' title="bbox 251 2237 1174 2320; baseline 0.003 -21"><span class='ocrx_word' id='word_1_125' title='bbox 251 2237 370 2299; x_wconf 90' lang='lat' dir='ltr'><strong>Noster</strong></span> <span class='ocrx_word' id='word_1_126' title='bbox 391 2238 573 2319; x_wconf 80' lang='lat' dir='ltr'><strong>pontifices,</strong></span> <span class='ocrx_word' id='word_1_127' title='bbox 594 2251 630 2300; x_wconf 86' lang='lat' dir='ltr'><strong>ut</strong></span> <span class='ocrx_word' id='word_1_128' title='bbox 651 2237 732 2299; x_wconf 90' lang='lat' dir='ltr'><strong>idem</strong></span> <span class='ocrx_word' id='word_1_129' title='bbox 756 2239 915 2310; x_wconf 84' lang='lat' dir='ltr'><strong>lacerent,</strong></span> <span class='ocrx_word' id='word_1_130' title='bbox 939 2238 1027 2315; x_wconf 86' lang='lat' dir='ltr'><strong>jubet</strong></span> <span class='ocrx_word' id='word_1_131' title='bbox 1048 2258 1174 2320; x_wconf 87' lang='lat' dir='ltr'><strong>omnes,</strong></span> 
     </span>
     <span class='ocr_line' id='line_1_19' title="bbox 252 2344 1004 2426; baseline 0.003 -20"><span class='ocrx_word' id='word_1_132' title='bbox 252 2348 293 2406; x_wconf 81' lang='lat' dir='ltr'><strong>llt</strong></span> <span class='ocrx_word' id='word_1_133' title='bbox 313 2359 386 2425; x_wconf 88' lang='lat' dir='ltr'><strong>post</strong></span> <span class='ocrx_word' id='word_1_134' title='bbox 407 2347 535 2408; x_wconf 90' lang='lat' dir='ltr'><strong>abbates</strong></span> <span class='ocrx_word' id='word_1_135' title='bbox 557 2367 597 2408; x_wconf 88' lang='lat' dir='ltr'><strong>ex</strong></span> <span class='ocrx_word' id='word_1_136' title='bbox 620 2344 730 2408; x_wconf 86' lang='lat' dir='ltr'><strong>ordine</strong></span> <span class='ocrx_word' id='word_1_137' title='bbox 753 2347 853 2407; x_wconf 85' lang='lat' dir='ltr'><strong>basiat</strong></span> <span class='ocrx_word' id='word_1_138' title='bbox 878 2366 1004 2426; x_wconf 82' lang='lat' dir='ltr'><strong>omnes3</strong></span> 
     </span>
     <span class='ocr_line' id='line_1_20' title="bbox 251 2455 1197 2537; baseline 0.004 -23"><span class='ocrx_word' id='word_1_139' title='bbox 251 2455 326 2532; x_wconf 85' lang='lat' dir='ltr'><strong>Ejus</strong></span> <span class='ocrx_word' id='word_1_140' title='bbox 355 2456 552 2536; x_wconf 89' lang='lat' dir='ltr'><strong>praesulibus</strong></span> <span class='ocrx_word' id='word_1_141' title='bbox 575 2467 650 2516; x_wconf 89' lang='lat' dir='ltr'><strong>tunc</strong></span> <span class='ocrx_word' id='word_1_142' title='bbox 670 2456 830 2536; x_wconf 83' lang='lat' dir='ltr'><strong>praebitus</strong></span> <span class='ocrx_word' id='word_1_143' title='bbox 854 2468 899 2517; x_wconf 91' lang='lat' dir='ltr'><strong>est</strong></span> <span class='ocrx_word' id='word_1_144' title='bbox 918 2475 1008 2517; x_wconf 91' lang='lat' dir='ltr'><strong>amor</strong></span> <span class='ocrx_word' id='word_1_145' title='bbox 1027 2457 1128 2537; x_wconf 88' lang='lat' dir='ltr'><strong>ipsus.</strong></span> <span class='ocrx_word' id='word_1_146' title='bbox 1148 2490 1197 2506; x_wconf 91' lang='lat'><em>-</em></span> 
     </span>
     <span class='ocr_line' id='line_1_21' title="bbox 254 2562 1040 2645; baseline 0.004 -20"><span class='ocrx_word' id='word_1_147' title='bbox 254 2564 373 2644; x_wconf 83' lang='lat' dir='ltr'>Reges,</span> <span class='ocrx_word' id='word_1_148' title='bbox 394 2562 575 2645; x_wconf 86' lang='lat' dir='ltr'><strong>pontifices,</strong></span> <span class='ocrx_word' id='word_1_149' title='bbox 597 2566 741 2639; x_wconf 86' lang='lat' dir='ltr'><strong>abbates,</strong></span> <span class='ocrx_word' id='word_1_150' title='bbox 764 2566 863 2628; x_wconf 92' lang='lat' dir='ltr'><strong>clerus</strong></span> <span class='ocrx_word' id='word_1_151' title='bbox 886 2576 917 2626; x_wconf 85' lang='lat' dir='ltr'><strong>et</strong></span> <span class='ocrx_word' id='word_1_152' title='bbox 939 2563 1040 2628; x_wconf 88' lang='lat' dir='ltr'><strong>omnis</strong></span> 
     </span>
     <span class='ocr_line' id='line_1_22' title="bbox 54 2672 1032 2756; baseline -0.001 -19"><span class='ocrx_word' id='word_1_153' title='bbox 54 2690 100 2744; x_wconf 75' lang='lat'><strong>501.</strong></span> <span class='ocrx_word' id='word_1_154' title='bbox 114 2694 157 2745; x_wconf 81' lang='lat' dir='ltr'><strong>os,</strong></span> <span class='ocrx_word' id='word_1_155' title='bbox 186 2710 189 2715; x_wconf 87' lang='lat'><strong>·</strong></span> <span class='ocrx_word' id='word_1_156' title='bbox 255 2672 429 2756; x_wconf 74' lang='lat' dir='ltr'><strong>desumptis</strong></span> <span class='ocrx_word' id='word_1_157' title='bbox 451 2673 582 2735; x_wconf 88' lang='lat' dir='ltr'><strong>ducibus</strong></span> <span class='ocrx_word' id='word_1_158' title='bbox 606 2696 675 2735; x_wconf 92' lang='lat' dir='ltr'><strong>cum</strong></span> <span class='ocrx_word' id='word_1_159' title='bbox 704 2676 832 2737; x_wconf 88' lang='lat' dir='ltr'><strong>summis</strong></span> <span class='ocrx_word' id='word_1_160' title='bbox 855 2673 1032 2736; x_wconf 70' lang='lat' dir='ltr'><strong>alterutrius</strong></span> 
     </span>
    </p>

    <p class='ocr_par' dir='ltr' id='par_1_9' title="bbox 252 2762 1124 2867">
     <span class='ocr_line' id='line_1_23' title="bbox 252 2762 1124 2867; baseline 0.006 -24"><span class='ocrx_word' id='word_1_161' title='bbox 252 2784 339 2844; x_wconf 88' lang='lat' dir='ltr'><strong>Dum</strong></span> <span class='ocrx_word' id='word_1_162' title='bbox 361 2780 502 2845; x_wconf 88' lang='lat' dir='ltr'><strong>resident</strong></span> <span class='ocrx_word' id='word_1_163' title='bbox 522 2783 660 2864; x_wconf 84' lang='lat' dir='ltr'><strong>pariter,</strong></span> <span class='ocrx_word' id='word_1_164' title='bbox 678 2762 751 2853; x_wconf 69' lang='lat' dir='ltr'><strong>‚re‘x.</strong></span> <span class='ocrx_word' id='word_1_165' title='bbox 763 2788 864 2862; x_wconf 82' lang='lat' dir='ltr'><strong>major</strong></span> <span class='ocrx_word' id='word_1_166' title='bbox 885 2785 928 2847; x_wconf 89' lang='lat' dir='ltr'><strong>ait</strong></span> <span class='ocrx_word' id='word_1_167' title='bbox 950 2785 1124 2867; x_wconf 73' lang='lat' dir='ltr'><strong>sapientem</strong></span> 
     </span>
    </p>

    <p class='ocr_par' dir='ltr' id='par_1_10' title="bbox 168 2889 1166 3396">
     <span class='ocr_line' id='line_1_24' title="bbox 168 2889 1006 2970; baseline 0.001 -17"><span class='ocrx_word' id='word_1_168' title='bbox 168 2897 208 2954; x_wconf 84' lang='lat'><strong>35</strong></span> <span class='ocrx_word' id='word_1_169' title='bbox 250 2889 291 2956; x_wconf 76' lang='grc' dir='ltr'><strong>ι0</strong></span> <span class='ocrx_word' id='word_1_170' title='bbox 314 2891 444 2954; x_wconf 92' lang='lat' dir='ltr'><strong>nimium</strong></span> <span class='ocrx_word' id='word_1_171' title='bbox 467 2895 559 2957; x_wconf 84' lang='lat' dir='ltr'><strong>nobis</strong></span> <span class='ocrx_word' id='word_1_172' title='bbox 580 2915 638 2956; x_wconf 87' lang='lat' dir='ltr'><strong>rex</strong></span> <span class='ocrx_word' id='word_1_173' title='bbox 659 2893 854 2957; x_wconf 78' lang='lat' dir='ltr'><strong>dilectissime</strong></span> <span class='ocrx_word' id='word_1_174' title='bbox 877 2892 1006 2970; x_wconf 85' lang='lat' dir='ltr'><strong>cunctis,</strong></span> 
     </span>
     <span class='ocr_line' id='line_1_25' title="bbox 254 3000 1035 3087; baseline -0.005 -21"><span class='ocrx_word' id='word_1_175' title='bbox 254 3002 342 3066; x_wconf 85' lang='lat' dir='ltr'><strong>Sicut</strong></span> <span class='ocrx_word' id='word_1_176' title='bbox 363 3000 490 3068; x_wconf 85' lang='lat' dir='ltr'><strong>laudavi</strong></span> <span class='ocrx_word' id='word_1_177' title='bbox 510 3005 568 3067; x_wconf 91' lang='lat' dir='ltr'><strong>tibi</strong></span> <span class='ocrx_word' id='word_1_178' title='bbox 589 3003 845 3087; x_wconf 80' lang='lat' dir='ltr'><strong>demandansqus</strong></span> <span class='ocrx_word' id='word_1_179' title='bbox 866 3000 1035 3087; x_wconf 85' lang='lat' dir='ltr'><strong>spopondi,</strong></span> 
     </span>
     <span class='ocr_line' id='line_1_26' title="bbox 254 3108 1166 3200; baseline -0.008 -22"><span class='ocrx_word' id='word_1_180' title='bbox 254 3114 412 3200; x_wconf 83' lang='lat' dir='ltr'><strong>Quicquid</strong></span> <span class='ocrx_word' id='word_1_181' title='bbox 434 3115 582 3179; x_wconf 80' lang='lat' dir='ltr'><strong>stultitiae</strong></span> <span class='ocrx_word' id='word_1_182' title='bbox 604 3115 692 3197; x_wconf 84' lang='lat' dir='ltr'><strong>plebs</strong></span> <span class='ocrx_word' id='word_1_183' title='bbox 716 3120 823 3178; x_wconf 86' lang='lat' dir='ltr'><strong>nostra</strong></span> <span class='ocrx_word' id='word_1_184' title='bbox 845 3108 1166 3196; x_wconf 85' lang='lat' dir='ltr'><strong>patravit-utrinque,</strong></span> 
     </span>
     <span class='ocr_line' id='line_1_27' title="bbox 254 3222 968 3307; baseline 0.001 -24"><span class='ocrx_word' id='word_1_185' title='bbox 254 3222 324 3285; x_wconf 90' lang='lat' dir='ltr'><strong>Hoc</strong></span> <span class='ocrx_word' id='word_1_186' title='bbox 347 3224 539 3287; x_wconf 85' lang='lat' dir='ltr'><strong>dimittamus</strong></span> <span class='ocrx_word' id='word_1_187' title='bbox 564 3237 593 3286; x_wconf 88' lang='lat' dir='ltr'><strong>et</strong></span> <span class='ocrx_word' id='word_1_188' title='bbox 616 3223 740 3286; x_wconf 88' lang='lat' dir='ltr'><strong>eosdem</strong></span> <span class='ocrx_word' id='word_1_189' title='bbox 762 3222 968 3307; x_wconf 81' lang='lat' dir='ltr'><strong>purificemus,</strong></span> 
     </span>
     <span class='ocr_line' id='line_1_28' title="bbox 252 3330 1019 3396; baseline 0.005 -5"><span class='ocrx_word' id='word_1_190' title='bbox 252 3330 295 3391; x_wconf 89' lang='lat' dir='ltr'><strong>Ut</strong></span> <span class='ocrx_word' id='word_1_191' title='bbox 317 3333 378 3393; x_wconf 83' lang='lat' dir='ltr'><strong>sint</strong></span> <span class='ocrx_word' id='word_1_192' title='bbox 399 3332 483 3393; x_wconf 89' lang='lat' dir='ltr'><strong>inter</strong></span> <span class='ocrx_word' id='word_1_193' title='bbox 504 3354 537 3395; x_wconf 88' lang='lat' dir='ltr'><strong>ss</strong></span> <span class='ocrx_word' id='word_1_194' title='bbox 561 3332 785 3396; x_wconf 84' lang='lat' dir='ltr'><strong>concordantes</strong></span> <span class='ocrx_word' id='word_1_195' title='bbox 808 3334 874 3395; x_wconf 89' lang='lat' dir='ltr'><strong>sine</strong></span> <span class='ocrx_word' id='word_1_196' title='bbox 896 3330 1019 3396; x_wconf 85' lang='lat' dir='ltr'><strong>fraude.</strong></span> 
     </span>
    </p>

    <p class='ocr_par' dir='ltr' id='par_1_11' title="bbox 168 3437 1188 3957">
     <span class='ocr_line' id='line_1_29' title="bbox 168 3437 995 3525; baseline 0.004 -26"><span class='ocrx_word' id='word_1_197' title='bbox 168 3440 209 3499; x_wconf 89' lang='grc'><strong>40</strong></span> <span class='ocrx_word' id='word_1_198' title='bbox 251 3437 353 3501; x_wconf 90' lang='lat' dir='ltr'><strong>Nemo</strong></span> <span class='ocrx_word' id='word_1_199' title='bbox 376 3438 562 3503; x_wconf 83' lang='lat' dir='ltr'><strong>recordetur</strong></span> <span class='ocrx_word' id='word_1_200' title='bbox 582 3439 706 3504; x_wconf 85' lang='lat' dir='ltr'><strong>adversi</strong></span> <span class='ocrx_word' id='word_1_201' title='bbox 728 3441 804 3525; x_wconf 89' lang='lat' dir='ltr'><strong>quid</strong></span> <span class='ocrx_word' id='word_1_202' title='bbox 826 3454 995 3524; x_wconf 88' lang='lat' dir='ltr'><strong>pateretur,</strong></span> 
     </span>
     <span class='ocr_line' id='line_1_30' title="bbox 252 3544 890 3626; baseline 0.013 -15"><span class='ocrx_word' id='word_1_203' title='bbox 252 3544 478 3626; x_wconf 83' lang='lat' dir='ltr'><strong>Obliviscatur,</strong></span> <span class='ocrx_word' id='word_1_204' title='bbox 500 3550 606 3611; x_wconf 88' lang='lat' dir='ltr'><strong>ulcisci</strong></span> <span class='ocrx_word' id='word_1_205' title='bbox 632 3572 689 3612; x_wconf 89' lang='lat' dir='ltr'><strong>uec</strong></span> <span class='ocrx_word' id='word_1_206' title='bbox 713 3550 890 3618; x_wconf 85' lang='lat' dir='ltr'><strong>meditetur.</strong></span> 
     </span>
     <span class='ocr_line' id='line_1_31' title="bbox 250 3656 1188 3743; baseline 0.002 -26"><span class='ocrx_word' id='word_1_207' title='bbox 250 3656 332 3718; x_wconf 92' lang='lat' dir='ltr'><strong>Nam</strong></span> <span class='ocrx_word' id='word_1_208' title='bbox 355 3660 435 3719; x_wconf 89' lang='lat' dir='ltr'><strong>mala</strong></span> <span class='ocrx_word' id='word_1_209' title='bbox 452 3660 535 3721; x_wconf 85' lang='lat' dir='ltr'><strong>malo</strong></span> <span class='ocrx_word' id='word_1_210' title='bbox 557 3661 642 3722; x_wconf 90' lang='lat' dir='ltr'><strong>bono</strong></span> <span class='ocrx_word' id='word_1_211' title='bbox 666 3680 760 3743; x_wconf 89' lang='lat' dir='ltr'><strong>quam</strong></span> <span class='ocrx_word' id='word_1_212' title='bbox 779 3659 911 3722; x_wconf 86' lang='lat' dir='ltr'><strong>reddere</strong></span> <span class='ocrx_word' id='word_1_213' title='bbox 927 3658 1053 3724; x_wconf 86' lang='lat' dir='ltr'><strong>vincere</strong></span> <span class='ocrx_word' id='word_1_214' title='bbox 1067 3656 1188 3741; x_wconf 66' lang='lat' dir='ltr'><strong>pravo!</strong></span> 
     </span>
     <span class='ocr_line' id='line_1_32' title="bbox 253 3758 1131 3850; baseline 0.002 -22"><span class='ocrx_word' id='word_1_215' title='bbox 253 3767 342 3828; x_wconf 82' lang='lat' dir='ltr'><strong>Alter</strong></span> <span class='ocrx_word' id='word_1_216' title='bbox 362 3787 422 3829; x_wconf 82' lang='lat' dir='ltr'><strong>rex</strong></span> <span class='ocrx_word' id='word_1_217' title='bbox 445 3788 574 3848; x_wconf 85' lang='lat' dir='ltr'><strong>surgens</strong></span> <span class='ocrx_word' id='word_1_218' title='bbox 595 3770 669 3833; x_wconf 90' lang='lat' dir='ltr'><strong>lmic</strong></span> <span class='ocrx_word' id='word_1_219' title='bbox 690 3770 798 3850; x_wconf 84' lang='lat' dir='ltr'><strong>dignas</strong></span> <span class='ocrx_word' id='word_1_220' title='bbox 828 3768 929 3832; x_wconf 89' lang='lat' dir='ltr'><strong>dicere</strong></span> <span class='ocrx_word' id='word_1_221' title='bbox 950 3781 1052 3849; x_wconf 81' lang='lat' dir='ltr'><strong>grates</strong></span> <span class='ocrx_word' id='word_1_222' title='bbox 1126 3758 1131 3765; x_wconf 46' lang='lat'>⁵</span> 
     </span>
     <span class='ocr_line' id='line_1_33' title="bbox 253 3876 1090 3957; baseline 0.007 -21"><span class='ocrx_word' id='word_1_223' title='bbox 253 3876 281 3936; x_wconf 90' lang='lat' dir='ltr'>A</span> <span class='ocrx_word' id='word_1_224' title='bbox 304 3889 410 3939; x_wconf 87' lang='lat' dir='ltr'><strong>nostro</strong></span> <span class='ocrx_word' id='word_1_225' title='bbox 433 3879 547 3940; x_wconf 84' lang='lat' dir='ltr'><strong>vetitus</strong></span> <span class='ocrx_word' id='word_1_226' title='bbox 569 3877 703 3957; x_wconf 84' lang='lat' dir='ltr'><strong>residet;</strong></span> <span class='ocrx_word' id='word_1_227' title='bbox 734 3891 836 3941; x_wconf 88' lang='lat' dir='ltr'><strong>tamen</strong></span> <span class='ocrx_word' id='word_1_228' title='bbox 859 3890 905 3940; x_wconf 87' lang='lat' dir='ltr'><strong>est</strong></span> <span class='ocrx_word' id='word_1_229' title='bbox 924 3878 969 3941; x_wconf 88' lang='lat' dir='ltr'><strong>ita</strong></span> <span class='ocrx_word' id='word_1_230' title='bbox 990 3879 1090 3942; x_wconf 77' lang='lat' dir='ltr'><strong>latus:</strong></span> 
     </span>
    </p>

    <p class='ocr_par' dir='ltr' id='par_1_12' title="bbox 167 3987 1082 4189">
     <span class='ocr_line' id='line_1_34' title="bbox 167 3987 1019 4069; baseline 0.004 -21"><span class='ocrx_word' id='word_1_231' title='bbox 167 3989 207 4049; x_wconf 83' lang='lat'><strong>45</strong></span> <span class='ocrx_word' id='word_1_232' title='bbox 252 3989 326 4051; x_wconf 88' lang='lat' dir='ltr'><strong>‘Pro</strong></span> <span class='ocrx_word' id='word_1_233' title='bbox 346 4000 392 4051; x_wconf 89' lang='lat' dir='ltr'><strong>tot</strong></span> <span class='ocrx_word' id='word_1_234' title='bbox 412 3989 463 4050; x_wconf 87' lang='lat' dir='ltr'><strong>vel</strong></span> <span class='ocrx_word' id='word_1_235' title='bbox 481 3989 576 4049; x_wconf 87' lang='lat' dir='ltr'><strong>tantis</strong></span> <span class='ocrx_word' id='word_1_236' title='bbox 598 3987 747 4069; x_wconf 87' lang='lat' dir='ltr'><strong>impensis</strong></span> <span class='ocrx_word' id='word_1_237' title='bbox 770 4009 827 4050; x_wconf 88' lang='lat' dir='ltr'><strong>noa</strong></span> <span class='ocrx_word' id='word_1_238' title='bbox 847 3989 1019 4051; x_wconf 83' lang='lat' dir='ltr'><strong>benefactis</strong></span> 
     </span>
     <span class='ocr_line' id='line_1_35' title="bbox 250 4079 1082 4189; baseline 0.004 -32"><span class='ocrx_word' id='word_1_239' title='bbox 250 4094 394 4163; x_wconf 87' lang='lat' dir='ltr'><strong>Reddere</strong></span> <span class='ocrx_word' id='word_1_240' title='bbox 414 4096 584 4189; x_wconf 82' lang='lat' dir='ltr'><strong>condignas</strong></span> <span class='ocrx_word' id='word_1_241' title='bbox 605 4116 670 4160; x_wconf 88' lang='lat' dir='ltr'><strong>non</strong></span> <span class='ocrx_word' id='word_1_242' title='bbox 692 4093 864 4161; x_wconf 84' lang='lat' dir='ltr'><strong>sufficimus</strong></span> <span class='ocrx_word' id='word_1_243' title='bbox 891 4096 948 4161; x_wconf 90' lang='lat' dir='ltr'><strong>tibi</strong></span> <span class='ocrx_word' id='word_1_244' title='bbox 969 4079 1082 4177; x_wconf 77' lang='lat' dir='ltr'><strong>grates.</strong></span> 
     </span>
    </p>
   </div>
   <div class='ocr_carea' id='block_1_5' title="bbox 0 0 1326 4650">
    <p class='ocr_par' dir='ltr' id='par_1_13' title="bbox 0 0 1326 4650">
     <span class='ocr_line' id='line_1_36' title="bbox 0 0 1326 4650; baseline 0 0"><span class='ocrx_word' id='word_1_245' title='bbox 0 0 1326 4650; x_wconf 95' lang='lat' dir='ltr'><strong> </strong></span> 
     </span>
    </p>
   </div>
  </div>
 </body>
</html>
