2640 4650
144 312 169 357 .
267 247 272 252 ’
378 260 989 361 auopnrnanagm.x1v.'
1120 277 1182 343 aar

1071 396 1181 410 ——t

176 594 181 603 ι
254 518 295 579 Et
316 514 470 597 prandere
492 527 597 596 rogat,
620 516 694 578 tatia
715 514 777 578 illia
799 529 829 579 et
849 516 1016 577 tribuebat.

172 622 211 686 10
255 625 375 707 Amatis
396 625 527 718 mensis,
552 624 738 696 dominabus
761 637 791 686 et
812 623 886 686 inde
907 624 1041 687 revereis
1097 646 1099 653 ¹

255 732 305 796 Ad
327 754 384 796 aua
405 747 541 812 secreta,
562 733 719 816 praecedit
739 756 791 797 eas
815 756 851 796 ea
873 739 956 797 nata.

252 836 329 907 Post
348 836 480 928 illaaqde
501 831 635 925 pedant,
656 844 717 906 eibi
738 847 793 928 qui
815 844 966 926 plumatla
986 850 1123 926 portant,

249 950 289 1014 Et
311 953 419 1035 plures
439 953 493 1015 alii
515 954 697 1016 comitantes
719 955 768 1017 hia
788 954 945 1016 famulari.
1010 1025 1015 1032 ἱ

251 1062 309 1125 Hie
330 1065 440 1127 vinum
460 1064 647 1153 ferri-jubet
666 1064 721 1125 illo
745 1084 803 1144 pro
824 1062 989 1142 famulari3

171 1177 209 1233 15
253 1172 404 1255 Dumque
427 1173 509 1234 bibit
530 1172 682 1254 mgisque,
704 1172 764 1233 sibi
784 1172 887 1234 vicino
908 1170 1010 1249 dedit,
1031 1192 1130 1255 usque

252 1281 425 1344 Pincernae
445 1293 585 1361 pateram
606 1279 782 1342 reddebant
804 1295 1012 1344 evacuatam.-

220 1455 225 1463 ,
256 1392 427 1468 inclinant,
453 1391 586 1467 abeunt,
609 1388 743 1451 Rbdlieb
757 1375 973 1472 'dominosque
993 1387 1148 1452 revisunt.¹

255 1501 346 1563 Tune
365 1494 500 1562 Rbdlieh
521 1497 620 1560 dixit:
643 1501 726 1583 ‘quia
747 1493 805 1561 v'os
828 1497 904 1560 deus
919 1501 981 1561 huc
995 1498 1188 1580 glomeravit,

158 1623 162 1628 ‘
254 1608 348 1672 Nunc
370 1607 491 1688 audite,
518 1610 595 1670 mihi
618 1609 721 1690 cupite
747 1610 797 1671 vel
818 1609 973 1687 auxiliari,

171 1727 213 1782 20
257 1718 460 1782 Connubium
483 1718 642 1803 quoddam
663 1740 727 1803 quo
748 1717 802 1781 fiat
821 1740 906 1779 nunc
927 1717 1107 1796 stabilitum,

256 1831 312 1894 Est
333 1831 418 1915 quod
439 1831 601 1896 laudatum
623 1829 686 1906 eie,
709 1827 749 1891 ad
769 1849 827 1891 noe
849 1823 1054 1905 induciatum,
1103 1910 1105 1914 ,

254 1938 304 2000 Ad
325 1938 411 2021 qnod
433 1954 614 2020 praesentes
636 1940 714 2000 mihi
735 1959 791 2001 voa
815 1939 907 2018 cupio
931 1941 999 2001 lore
1023 1948 1125 2001 testea.

260 2045 414 2124 Contigit,
440 2059 477 2107 ut
494 2047 617 2122 juvenis
638 2065 725 2106 meus
747 2045 805 2105 iate
826 2066 925 2125 nepos
948 2058 978 2106 et
999 2045 1107 2106 herilia

259 2153 375 2215 Mutuo
400 2151 563 2231 diligerent
584 2170 651 2226 sese
663 2195 672 2230 ,
704 2150 780 2212 dum
801 2164 916 2213 tessere
936 2152 1060 2231 ludunt,

176 2269 218 2324 25
260 2261 344 2342 Lege
365 2260 502 2324 maritali
524 2262 683 2342 cupientes
705 2259 898 2323 consociari?

262 2373 398 2460 Dicuntt
422 2373 491 2435 ‘boe
514 2368 618 2432 cuncti
638 2366 788 2432 debemus
811 2367 980 2446 consiliari,

262 2480 387 2546 Indolie
403 2494 438 2545 ut
458 2493 562 2545 tantae
582 2480 650 2552 vir,
678 2492 743 2542 tam
764 2477 889 2544 virtutis
911 2479 1044 2561 opimae,
1127 2463 1163 2515 ἶ

261 2589 336 2654 Non
359 2585 595 2663 dehonestetur,
623 2586 714 2650 eitiua
736 2585 792 2649 aed
814 2601 848 2649 ut
872 2587 1024 2668 eripiatur
1143 2578 1145 2583 ’

263 2699 291 2763 A
313 2709 417 2762 scorto
442 2695 529 2777 turpi
551 2693 645 2773 digno
667 2692 742 2756 eatie
761 2694 834 2774 igne
856 2692 1007 2756 cremari!

261 2804 301 2865 Et
315 2802 446 2865 laudant
461 2802 634 2879 dominum,
651 2800 737 2885 quod
752 2803 785 2864 in
797 2804 858 2866 hoe
871 2822 977 2866 cosmo
989 2801 1051 2863 luit
1060 2821 1196 2889 aequam

262 2911 409 2989 Femina,
437 2931 518 2993 quae
539 2914 688 2991 magicam
711 2910 749 2972 de
771 2932 805 2975 ae
826 2911 989 2978 divelleret
1011 2912 1122 2992 ipaam.

265 3019 355 3080 Tunc
379 3022 479 3099 aurgit
498 3019 637 3097 juvenis,
657 3032 758 3099 gratee
779 3019 874 3084 dabat
893 3023 1039 3086 omnibus
1060 3020 1132 3096 illia,

266 3121 360 3200 Quod
381 3137 445 3186 tam
469 3127 634 3213 clamares
658 3127 718 3189 sibi
739 3138 814 3189 aunt
836 3128 1042 3192 communiter
1077 3149 1196 3211 omnes,

263 3231 371 3315 Inquit
390 3244 421 3294 et
443 3233 582 3295 ‘horrere
605 3232 731 3314 penitus
752 3253 786 3294 ee
809 3254 906 3318 aeque
931 3234 1051 3319 pudere

265 3339 315 3402 Sic
337 3339 575 3404 dehonestatum
595 3365 652 3425 per
675 3342 708 3428 id
730 3346 905 3408 execrabile
928 3358 1078 3410 aeortum.

264 3452 357 3514 Nunc
381 3472 462 3534 opus
480 3474 580 3517 uxore
601 3452 733 3517 nimium
754 3454 832 3517 mihi
856 3453 980 3518 cernitis
1006 3475 1085 3526 esse,

264 3555 367 3634 Quam
387 3562 536 3643 quoniam
556 3564 647 3627 facile
669 3587 753 3628 nunc
773 3586 939 3648 possumus
957 3564 1008 3627 hic
1028 3565 1177 3647 reperire,

264 3670 354 3730 Hane
379 3669 562 3753 desponsari
581 3672 724 3737 desidero
746 3676 797 3741 vel
817 3675 895 3738 mihi
913 3674 1011 3755 jungi,

265 3777 309 3840 Ut
335 3779 401 3842 titia
422 3791 515 3843 teatee
537 3794 569 3843 et
590 3781 629 3844 ad
650 3784 711 3846 boe
733 3783 827 3862 mihi,
849 3805 982 3866 quaeso,
1003 3783 1146 3854 libentes,

184 3889 225 3946 4ο
269 3887 443 3966 Alterutroa
464 3910 534 3954 cum
557 3911 615 3956 noa
637 3891 815 3957 dotabimua
835 3907 881 3958 eat
902 3892 1000 3960 veluti
1021 3890 1110 3952 moa’

180 4027 464 4046 ——n———nnn—

255 4119 289 4167 31
327 4115 457 4170 vielleleltt
474 4131 592 4184 magnam
