2640 4650
535 205 800 311 nonanis,

210 720 381 786 nonnus
425 715 650 816 cumeurn
686 717 857 786 carum
906 725 999 788 run·
1031 724 1135 792 nno.

527 824 753 893 ronoumu
773 824 809 912 ¹).

239 1043 332 1138 Cum
354 1096 403 1136 me
423 1072 576 1154 respicio,
605 1082 824 1152 transactaque
846 1084 989 1154 tempora
1009 1077 1114 1156 volvo,

239 1186 289 1246 De
311 1184 417 1244 multis
435 1183 551 1258 miror,
581 1180 711 1261 puerilis
736 1200 816 1261 quae
836 1182 922 1242 velrit
945 1204 1050 1256 error3

193 1294 197 1305 ’
237 1292 293 1352 Nil
315 1291 451 1370 cogitans
471 1309 593 1365 sanum,
628 1274 791 1371 tempnens
816 1291 973 1351 consortia
996 1292 1139 1374 fratrum,

239 1399 397 1461 Nectebar
415 1397 534 1476 neniis,
556 1400 645 1479 nugis
669 1397 744 1480 quia
768 1409 851 1459 totus
874 1400 906 1458 in
929 1399 1000 1461 illis.

222 1521 224 1525 ’
241 1515 398 1596 Tempore
421 1511 560 1575 discendi
581 1513 674 1595 periit
699 1515 821 1574 cautela
841 1513 989 1592 magistri,

239 1622 344 1683 Horas
366 1619 505 1684 dictandi
526 1622 687 1705 superavit
712 1644 787 1685 cura
809 1620 961 1701 vagandi3

236 1729 320 1792 Nam
341 1732 415 1813 quia
439 1730 482 1791 sic
502 1731 589 1808 vixi,
610 1730 737 1813 possedi
760 1723 877 1795 nome'n
900 1731 996 1808 aselli,
1097 1736 1101 1743 '

220 1812 336 1915 'Cujus
357 1839 560 1902 raucisonum
586 1860 741 1922 quaerens
762 1840 861 1901 vitare
880 1836 1034 1915 ruditum,

239 1944 436 2030 Quamquam
468 1949 507 2009 sit
528 1970 651 2023 serum,
682 1947 860 2009 meditabor
883 1940 1180 2032 scindere'saccum,

238 2055 372 2133 Ut-juga
400 2053 538 2134 torporis
560 2057 679 2136 pellant
699 2049 878 2116 rudimenta
906 2057 1035 2134 laboris,

146 2161 147 2169 ’
239 2159 397 2241 Incipiens
419 2181 546 2238 versus,
579 2182 659 2242 quos
680 2181 771 2223 rarus
791 2160 926 2241 denegat
949 2184 1035 2226 usus.

237 2270 369 2332 Pellitur
392 2270 441 2330 liis
462 2289 631 2349 sompnus,
653 2270 795 2332 frenatur
814 2282 908 2352 potus
933 2285 963 2332 et
986 2254 1066 2352 esus,

237 2376 338 2459 Saepe
362 2391 455 2459 caput
474 2377 629 2454 arabitur,
652 2377 743 2438 vivus
766 2375 951 2440 corroditur
974 2383 1095 2460 unguis,

236 2483 397 2546 Tuuditur
418 2497 513 2568 atque
537 2485 625 2546 stilus
646 2482 757 2564 grandi
779 2483 980 2549 meditamine
1002 2489 1146 2557 strictus..

182 2663 191 2673 ¹
235 2593 324 2654 Talia
348 2595 403 2676 qui
424 2607 545 2670 versat,
572 2590 742 2676 pigritandi
761 2596 834 2670 jura
853 2606 987 2674 recusat,
1079 2634 1083 2641 ,

234 2702 295 2766 Hic
317 2722 374 2763 sua
395 2699 530 2778 devitat,
562 2700 637 2764 dum
658 2702 792 2784 pulchra
812 2714 959 2783 poemata
980 2715 1091 2767 cantat.

145 2850 149 2855 ·
236 2814 319 2877 Sunt
340 2815 454 2876 etenim
478 2811 627 2896 quidam,
656 2815 682 2874 si
700 2834 752 2876 me
774 2810 943 2896 depingere
965 2814 1114 2899 quiddam

234 2921 401 2984 Audierint
423 2923 513 2999 falsi,
535 2924 699 2984 certabunt
720 2924 842 3002 legibus
863 2926 968 3006 aequi,

221 3031 279 3091 .Ae
300 3051 370 3092 mea
392 3031 576 3093 transmisso
595 3031 778 3112 transfigent
800 3032 939 3094 carmina
960 3033 1034 3094 telo.

150 3145 192 3198 20
236 3137 453 3201 consuescunt
475 3141 580 3217 multi,
602 3162 794 3225 quamquam
825 3154 898 3204 sunt
924 3143 1061 3205 carmine
1083 3140 1175 3210 docti>

233 3247 361 3328 Longos
382 3261 526 3312 accentus
547 3271 607 3330 per
626 3251 722 3313 miros
743 3263 865 3313 vertere
885 3251 997 3314 flexus.

230 3355 312 3417 Nam
332 3340 412 3437 pede
436 3359 609 3438 composito
631 3370 753 3423 certans
773 3359 917 3423 insistere
941 3374 1052 3436 metro,

228 3463 393 3528 Sillabicos
414 3486 525 3529 cursus
547 3489 618 3530 cum
646 3468 704 3531 sim
726 3468 903 3532 discernere
925 3467 1044 3547 tardus,

229 3574 388 3657 Tempora
412 3577 607 3659 temporibus
629 3601 729 3663 aeque
751 3578 939 3662 conjungere
968 3597 1088 3654 coecus,

144 3687 185 3742 25
228 3682 356 3746 Rectius
380 3684 441 3746 hoe
462 3684 585 3763 faciam,
606 3686 746 3766 linguam
767 3687 794 3750 si
815 3707 960 3770 pressero
980 3688 1128 3751 blaesam.

161 3849 412 3864 m..—

216 3948 241 4013 ‘)
260 3965 289 4000 es
305 3948 376 4003 steht
392 3950 644 4004 TOPOLOGlAM.

215 4042 234 4089 8
251 4039 358 4107 cupiens
376 4042 409 4093 B.
524 4048 557 4095 21
580 4044 686 4096 flectere
705 4045 783 4098 fletus
801 4047 832 4100 B.

873 4147 939 4208 16*
