2640 4650
360 42 423 97 33,
487 89 489 93 ι

380 102 401 125 ,.

263 261 489 328 GALLUS
530 249 602 326 ΕΤ
644 261 885 330 VULPES.
1033 266 1097 331 35³

212 499 263 553 63.
306 494 447 570 Gallum,
471 505 504 553 ut
525 495 567 555 ait
589 494 705 572 fabula,

307 595 463 683 De'pusuit
485 603 658 683 vulpecula,

303 714 342 774 Et
371 713 414 773 sic
444 710 566 772 dicabat
592 713 731 792 populo:

303 821 432 896 ‘Meum
455 840 518 881 uou
543 834 681 884 vestrum
704 822 834 887 aufero?

213 932 264 989 64.
308 929 474 991 Gentilitas
504 932 678 992 miserrima

310 1039 467 1101 Sathanaa
489 1039 650 1122 quondam
682 1039 796 1101 tradita

304 1150 504 1225 Praemaguis
527 1170 545 1206 a
575 1145 756 1209 doctoribus

304 1257 526 1319 Revocabatur
547 1257 687 1318 vocibus.

212 1371 263 1426 65.
307 1363 395 1439 Quos
415 1375 524 1424 contra
544 1365 653 1423 sathan
679 1363 826 1438 substitit,

304 1473 343 1533 Et
372 1470 520 1552 praedam
544 1471 634 1553 quasi
658 1473 773 1551 posuit,

251 1625 257 1632 ι
306 1578 442 1655 Quando
467 1593 561 1642 totam
586 1583 771 1642 sententiam

306 1689 444 1771 Retorsit
467 1688 505 1751 ad
537 1690 708 1766 aeclesiam,

212 1803 264 1858 66.
308 1796 348 1858 Se
373 1795 522 1857 blandum
544 1795 612 1856 illis¹
627 1795 774 1875 praebuit

306 1905 530 1982 Lacerant[ur]
554 1895 588 1965 ut
610 1904 713 1979 iuviti,

304 2010 464 2071 Adversus
486 2003 567 2070 hauc
589 2011 752 2071 infremuit

307 2118 524 2201 conquerens,
552 2138 625 2180 auos
648 2119 817 2180 substrahi.

215 2237 265 2291 67.
308 2229 390 2291 Hinc
414 2231 545 2292 verbum
568 2226 620 2289 dei
641 2226 772 2290 audieus

309 2341 349 2402 Et
371 2361 404 2401 se
436 2340 540 2427 ipsam
561 2336 730 2399 discutiens

306 2448 471 2510 Gentilitas
493 2448 654 2526 ingemuit,

303 2556 456 2619 Praedam
480 2544 577 2618 laissa
601 2557 773 2618 daemonis.

214 2673 264 2728 68.
309 2666 419 2728 Statim
444 2667 723 2746 alis‘perstrepuit,

302 2771 478 2834 Leviathau
501 2769 648 2844 deseruit,

308 2879 401 2938 Volis
421 2881 533 2939 volans
562 2877 600 2938 ad
623 2898 747 2957 supera,

307 2986 459 3049 Nativum
477 2989 581 3046 locum
606 2983 764 3047 vendicat.

213 3100 264 3156 69.
307 3093 373 3156 Nec
396 3084 528 3172 mitum,
550 3096 655 3175 siper
677 3095 782 3156 alitem

309 3203 457 3282 Figuram
482 3204 541 3264 leci
563 3200 727 3285 duplicem,

303 3312 347 3375 Ut
370 3336 455 3375 uunc
478 3312 618 3393 designet
638 3315 803 3396 populum,

305 3425 346 3485 Et
364 3445 448 3485 nuuc
471 3422 636 3485 doctorum
666 3441 812 3483 cuneum.

212 3543 262 3595 70.
306 3511 388 3595 Nam
409 3535 552 3596 membra
572 3545 646 3596 suut
670 3532 826 3608 ecclesiae,

303 3641 391 3715 Quae
412 3643 524 3723 gaudet
546 3642 672 3705 Christo
702 3642 812 3722 capite,

302 3750 458 3811 Doctores
480 3771 553 3810 nam
574 3771 645 3810 cum
666 3753 786 3830 populo

301 3855 409 3917 Unum
429 3876 543 3938 corpus
565 3849 599 3918 iu
621 3855 762 3919 domino.

72 3997 373 4014 —————-—-

149 4100 193 4160 66,
211 4099 230 4146 2
259 4096 302 4149 die
320 4095 358 4151 lu.
374 4095 418 4149 hat
436 4080 658 4154 unveutiudlichz
688 4101 803 4154 lacerent
821 4107 851 4152 ut
869 4101 970 4154 invitm.

826 4207 866 4260 23
