2640 4650
455 224 833 330 uanrnaums.
947 338 950 344 ¹
1109 264 1161 327 ao

262 495 604 560 lactarunt-homiuem
616 497 700 554 nunc
714 494 806 554 ambo
813 536 823 568 ,
845 512 992 574 nuncque
1008 492 1160 574 riciarium

140 613 220 670 1335
264 607 302 667 Et
323 604 398 666 dum
420 623 641 686 progressose
664 597 983 691 impenderetscrius
1005 601 1074 677 uni,

262 714 310 774 Ea
337 714 376 774 de
398 725 487 794 parte
506 711 567 773 alia
587 711 677 772 ,subit
698 709 776 771 alter
799 721 829 770 et
848 706 978 789 impedit
998 709 1106 774 ictum.

260 821 353 884 Haud
374 823 477 898 aliter,
497 817 645 882 numidus
664 799 758 901 quani
777 817 852 879 datm
871 817 1039 886 venabitur
1057 832 1160 895 ursus,

243 929 298 992 »Et
320 931 451 992 canibus
472 924 680 989 circimdatus
702 936 781 989 astat
804 937 833 988 et
856 927 987 986 artubus
1008 926 1135 1002 horret,

260 1037 300 1098 Et
321 1047 414 1117 caput
437 1036 597 1097 occultans
618 1035 875 1107 submurmurat,
891 1052 927 1092 ac
953 1031 1137 1111 propietates

136 1147 233 1207 1340.
264 1145 457 1226 Amplexaus
479 1145 609 1204 umbros
632 1141 779 1204 miserum
803 1138 916 1201 mutire
939 1147 1074 1212 ccartat3
1160 1133 1165 1140 ‘

249 1255 346 1314 -Tum
367 1251 471 1327 rabidi
494 1253 610 1313 circum
633 1251 748 1310 latrant
770 1249 843 1309 hinc
864 1246 938 1310 inde
958 1250 1087 1312 molossi

267 1356 437 1434 Cominus,
466 1381 501 1420 ac
522 1356 608 1418 dirae
632 1369 775 1419 metuunt
794 1353 940 1418 accedere
961 1357 1083 1419 beluae.

264 1467 385 1528 Taliter
405 1466 577 1527 iunonem
603 1465 766 1526 conflictus
786 1464 922 1526 fluxerat
944 1462 1076 1540 nudam,

177 1616 180 1620 »
262 1575 302 1637 Et
324 1577 439 1658 triplex
461 1575 564 1638 inerat
585 1575 703 1636 cunctis
726 1571 894 1650 maceratio
914 1572 988 1646 leti,

137 1683 218 1746 1345
261 1685 381 1748 Terror
402 1698 433 1749 et
453 1686 520 1770 ipse
541 1685 632 1747 labor
655 1680 811 1763 bellandi,
842 1683 917 1747 solis
942 1696 971 1747 et
992 1682 1097 1747 ardor.

229 1771 365 1860 Interea
386 1797 491 1861 herois
514 1796 618 1880 coepit
638 1799 808 1881 subrepere
832 1797 931 1861 menti

259 1908 429 1989 Quiddam,
450 1910 507 1994 qui
522 1912 614 1974 tacito
630 1908 744 1993 premit
758 1912 815 1973 has
833 1909 1001 1974 subcorde
1017 1910 1159 1993 loquelas

262 2019 312 2081 ‘Si
335 2021 460 2082 fortuna
481 2019 564 2082 viam
589 2040 654 2083 non
676 2021 931 2095 commutaverit,
959 2018 1011 2081 isti

262 2130 354 2190 Vana
374 2130 536 2206 fatigatum
557 2139 670 2188 memet
694 2147 752 2209 per
774 2125 895 2190 ludicra
918 2127 1047 2190 fallent!

138 2237 221 2298 1350
264 2235 340 2297 Ilico
363 2246 393 2297 et
409 2232 486 2308 ‚dau
508 2233 675 2314 Hagauoni
697 2237 773 2299 voce
797 2235 959 2318 profatur:

262 2340 306 2408 ‘O
328 2345 465 2426 paliure,
488 2344 571 2407 vires
593 2343 693 2424 toliis,
724 2358 758 2409 ut
779 2365 918 2428 pungere
940 2345 1054 2427 possis,

209 2500 212 2505 ,
259 2457 309 2519 Tu
332 2453 474 2520 saltando
496 2460 603 2535 jocans
624 2466 694 2518 artu
716 2475 772 2543 me·
790 2452 899 2519 ludere
921 2467 1070 2538 temptass

260 2561 320 2627 Sed
342 2568 404 2643 jam
425 2565 519 2644 faxo,
541 2566 645 2630 locum
661 2565 800 2650 propius¹
815 2587 854 2630 na
874 2563 1020 2628 accedere
1040 2561 1158 2642 tardes3

260 2673 338 2738 Ecce
359 2685 429 2737 tuas
451 2673 515 2738 scio
537 2671 748 2756 praegrandes
772 2673 806 2735 in
828 2691 959 2754 corpore
984 2670 1083 2744 vires,

133 2788 215 2844 1355
259 2784 313 2845 illle
334 2783 419 2865 piget
440 2784 596 2848 incassum
618 2795 722 2847 tantos
745 2782 877 2845 sufferre
904 2778 1050 2842 labores.²

258 2892 351 2953 Dixit
373 2905 403 2954 et
426 2892 574 2955 exsiliens
597 2904 724 2956 contum
747 2890 898 2953 contorsit
919 2889 952 2950 in
974 2886 1080 2962 illum,
1108 2916 1110 2920 ·
1137 2948 1144 2953 .

259 2996 323 3070 Qui
339 3018 470 3078 pergens
490 3012 604 3061 onerat·
615 3000 750 3079 clipeum
768 2995 947 3077 dirimitque
964 2996 1158 3078 aliquantum

261 3099 409 3178 Leucae,
438 3123 472 3166 ac
494 3121 606 3183 magno
626 3099 783 3164 modicum
806 3099 844 3163 de
867 3119 999 3182 corpore
1021 3100 1158 3180 stringit3

262 3207 409 3292 Denique
431 3210 608 3293 praecipuis
627 3209 824 3294 praecinctus
843 3209 973 3272 fulserat
994 3207 1097 3272 armis.

133 3294 280 3387 1360At
304 3321 352 3384 vir
376 3323 591 3400 waltharius,
621 3323 715 3385 missa
736 3345 806 3386 cum
825 3321 956 3405 'cuspide
978 3343 1121 3399 currens,

257 3433 427 3513 Euaginato
453 3456 557 3518 regem
579 3437 790 3519 importunior
814 3439 914 3498 ense'
996 3467 1001 3474 ¹

130 3548 422 3576 --...-..-.L.....-·..
882 3543 885 3549 ⁴

183 3633 251 3682 less
270 3635 409 3705 progressu
429 3631 459 3684 D.
508 3633 574 3682 1337
593 3629 712 3684 dumidus
731 3633 792 3698 quis
810 3631 841 3683 D.
889 3632 953 3683 1341
976 3632 1057 3700 rapidi
1076 3635 1106 3685 Α.
1122 3634 1153 3687 D.

133 3707 203 3773 1313Ι
217 3706 359 3775 comminus
378 3723 410 3777 B.
429 3725 458 3774 D.
499 3726 567 3776 1343
587 3720 675 3774 horam
695 3718 730 3776 A.
744 3723 774 3776 D.
815 3725 883 3775 1344
903 3724 1002 3774 cunctis
1021 3724 1103 3775 inerat
1122 3721 1153 3777 B.

130 3815 197 3865 1346
220 3829 344 3882 surepere
369 3815 400 3869 D.
464 3816 534 3866 1348
559 3814 615 3866 istis
640 3815 673 3867 D.
734 3817 803 3866 1343
829 3813 967 3881 rugituum
993 3816 1025 3866 D.
1083 3817 1151 3865 1351

127 3907 214 3958 uirens
232 3908 264 3960 A.
290 3908 331 3959 vel
350 3921 466 3976 pungere
485 3906 517 3960 D.
557 3909 626 3958 1354
647 3911 704 3958 luas
721 3904 775 3958 cito
794 3907 952 3973 pergrandes
966 3906 997 3958 D.
1023 3903 1153 3955 ostendite

127 3997 196 4049 utres
220 3995 252 4052 B.
273 3998 305 4051 D.
362 4001 430 4050 1336
456 3998 539 4067 ipsum
566 3998 597 4052 B.
657 3986 873 4067 last'pungeus
900 3998 931 4051 D.
984 3986 1065 4047 'taes
1089 4009 1151 4063 pro-

48 4072 55 4083 ’
127 4086 227 4141 cinctus
248 4092 277 4141 Α.

893 4189 912 4247 4
