2640 4650
171 433 356 449 Μ

395 539 451 600 Est
474 550 685 615 corruervnlus,

396 646 442 709 Ut
464 659 530 707 erat
551 647 645 708 Jonas
683 645 898 728 quarduenus.

330 739 358 821 6.
401 757 439 818 In
463 756 521 816 celi
542 767 663 831 venire,
990 734 993 740 ⁸

397 863 500 926 Sensu
519 863 623 946 typice
648 864 820 926 famulante

399 1298 488 1376 Quae
510 1313 583 1380 post
603 1298 679 1361 fient
700 1299 873 1377 manifesta,

396 1411 480 1474 Nam
503 1407 646 1471 defertur
664 1409 847 1486 infantulus,
950 1416 959 1426 '

398 1517 611 1580 Conservalus
632 1516 791 1594 divinitus,
822 1530 824 1534 ·

329 1636 360 1689 8.
405 1625 484 1688 Cum
507 1625 638 1706 propria
658 1626 832 1709 navicula„
928 1633 932 1642 ’

397 1737 458 1796 Per
481 1735 602 1795 mariun
623 1734 771 1816 pericula,

399 1844 601 1924 Veneralque
624 1841 662 1904 ud
682 1838 830 1919 insulam,

400 1949 489 2027 Quae
511 1951 691 2013 continebat
711 1951 865 2026 cellulum,

328 2072 359 2126 9.
404 2059 508 2137 Quam
529 2062 610 2124 vitae
631 2058 821 2122 venerabilis

403 2172 484 2235 cum
508 2171 613 2232 muns
636 2169 696 2230 siu
717 2148 870 2246 susurru

349 2288 352 2292 ‘
396 2281 461 2340 Piis
485 2291 613 2341 ornatus
634 2277 776 2339 moribus

397 2388 505 2447 Abbas
527 2387 608 2447 rexit
630 2385 813 2464 Gregorius.
847 2421 851 2426 -

309 2495 360 2554 10.
403 2485 467 2567 Qui
490 2492 570 2554 binis
600 2492 809 2572 piscatoribus

402 2604 607 2681 Praeceperat
629 2601 795 2682 attentius,

398 2711 442 2773 Ut
463 2723 688 2791 praepararent
705 2726 708 2730 ’

401 2816 442 2878 Se
465 2817 604 2881 diluculo
631 2819 679 2897 [et
702 2819 912 2901 navigarent]
1004 2849 1010 2854 ·

172 2917 240 2980 Der
261 2923 457 3003 strophische
478 2927 645 3007 grundsalz
668 2931 789 2993 scheint
809 2930 870 2992 nur
891 2927 1036 3007 bessutigt
1052 2947 1093 2987 zu
1115 2947 1200 2990 wer-

171 3025 234 3089 den
256 3027 355 3093 durch
379 3039 409 3112 3,
425 3039 455 3113 4,
478 3040 598 3100 welche
624 3040 702 3102 zeile
722 3061 802 3121 ganz
824 3061 865 3100 zu
889 3036 960 3101 dem
983 3037 1120 3099 schlusse
1146 3032 1201 3097 des

171 3136 294 3202 Uuibos
316 3143 450 3225 stimmt‚
470 3143 553 3207 daun
578 3144 679 3213 durch
699 3149 759 3213 den
781 3147 905 3229 grofsen
929 3138 1121 3213 buchstnben
1146 3142 1204 3207 der

171 3247 220 3309 hs.
243 3249 293 3309 bei
313 3249 357 3311 Ut
379 3255 409 3330 4,
434 3259 463 3331 1,
484 3257 597 3319 womit
619 3260 670 3320 eiu
692 3278 794 3318 neuer
815 3260 921 3316 abeatz
936 3258 1077 3331 hegann.
1120 3250 1201 3307 was

171 3375 238 3415 nun
260 3358 408 3421 aberam
430 3364 563 3425 meister
596 3363 731 3438 suil‘a’llt,
763 3361 813 3422 die
834 3363 960 3437 jambcn
994 3354 1102 3437 (wenn
1125 3368 1198 3409 mun

170 3461 215 3522 sie
238 3484 273 3525 so
301 3487 428 3530 nennen
462 3468 545 3556 will)
578 3473 744 3538 verrnthen
779 3468 845 3530 sich
875 3467 920 3556 als
951 3457 1200 3536 iiberarbeilung

170 3571 285 3634 dlterer
317 3577 529 3643 leoninischer
563 3602 672 3660 verse,
691 3575 759 3640 die
796 3572 1045 3637 unverhennbar
1081 3565 1200 3628 durch·

170 3680 295 3744 blicken
317 3681 365 3766 *):
716 3758 718 3762 .
940 3692 943 3697 ’

255 3791 288 3869 4,
309 3797 338 3854 1.
359 3802 390 3858 2.
412 3809 446 3860 ul
470 3796 694 3880 procedamus,
720 3812 806 3856 nunc
828 3787 877 3850 his
898 3785 994 3872 linem
1015 3786 1179 3865 faciamus,

177 3931 457 3948 *ἢ-

242 4020 270 4087 *)
289 4018 424 4074 hietdurch
443 4025 547 4090 werden
560 4017 708 4081 flumin
730 4015 891 4071 nXXXVll
908 4015 1088 4083 besprochnen
1102 4014 1200 4070 bernh-

171 4124 270 4177 rungen
292 4112 339 4168 de.
357 4109 662 4179 hexametmffltder
693 4109 847 4164 vullsweise
872 4109 1006 4164 erliutert.
1114 4180 1117 4185 r
1175 4156 1180 4164 .
