2640 4650
488 299 867 370 WAL'PHARIUS.

299 535 520 617 Sollicitusque
545 533 593 595 fui
615 554 762 615 quorsum
785 544 840 593 tua
862 553 993 592 munera
1017 534 1150 613 ferrem3

173 653 256 707 1250
297 644 442 726 Namque
465 630 521 724 per
544 643 665 722 ignotas
688 641 755 703 dixi
776 663 909 723 pergens
929 643 1092 720 regiones:

297 753 512 816 “Francorum
526 772 647 828 vereor,
670 751 843 829 Haganone
857 751 1032 831 superstite,
1047 755 1198 817 nullum.'’

300 860 440 926 Obsecro
464 882 522 943 per
543 858 651 938 ludos,
679 861 851 948 resipiscite
873 866 956 938 jam,
988 864 1142 941 pueriles,

297 971 469 1033 Unanimes
493 973 609 1053 quibus
632 970 746 1031 assueti
767 970 946 1051 fuimusque
969 973 1076 1050 periti,

298 1082 339 1143 Et
360 1101 497 1165 quorum
523 1081 607 1141 cultu
630 1079 748 1159 primos
771 1079 944 1142 attrivimus
965 1090 1087 1142 annos.¹

133 1237 145 1273 3
175 1194 256 1256 1255
299 1193 409 1253 Inclita
434 1211 570 1273 quonam
595 1189 739 1268 migravit
761 1187 929 1250 concordia
951 1186 1067 1251 nobis?

301 1295 1238 1381 Semperinhostedomiquemanens,necscandalanoscens,

301 1410 426 1491 Quippe
450 1409 497 1470 tui
518 1407 612 1468 facies
635 1406 733 1487 patris
756 1407 935 1470 obliviscier
957 1410 1034 1487 egit,

302 1523 421 1582 Tecum
440 1517 563 1596 degenti
585 1517 663 1577 mihi
684 1517 784 1597 patria
803 1517 896 1579 'viluit
916 1519 1029 1599 ampla.

301 1627 456 1710 Nunquid
479 1603 582 1688 mente
603 1626 694 1687 fidem
718 1625 842 1688 abradis
856 1627 1033 1708 saepissime
1052 1625 1197 1710 pactam?

177 1747 259 1804 1260
302 1738 467 1816 Deprecor
489 1737 550 1794 hoc
572 1733 695 1794 abscide
718 1735 822 1809 nefas,
851 1755 914 1794 neu
936 1736 1019 1798 belia
1038 1738 1195 1811 lacessas„

203 1917 207 1922 ,
305 1846 413 1928 Sitque
435 1844 653 1905 inconvulsum
677 1843 768 1904 nobis
790 1865 848 1924 per
868 1856 1012 1926 tempora
1032 1844 1155 1908 foedus.

302 1953 395 2031 Quod
418 1955 444 2016 si
465 1951 637 2029 consentis,
664 1957 725 2029 jam
745 1975 829 2014 nunc
850 1953 962 2016 ditatus
984 1955 1084 2018 abibis

301 2062 458 2142 Eutogtis,
488 2062 583 2123 rutilo
605 2064 776 2124 umbonem
799 2064 962 2143 complebo
986 2063 1129 2125 metallo!

304 2175 422 2238 Contra
444 2170 529 2256 quod
552 2173 682 2252 Hagano
703 2176 792 2237 vultu
818 2176 894 2236 haec
916 2175 1063 2237 affamina
1083 2187 1174 2240 torvo

179 2291 261 2347 1265
304 2283 422 2368 Edidit,
454 2296 547 2365 atque
569 2284 646 2344 iram
670 2283 713 2348 sic
735 2285 906 2347 insinuavit
928 2296 1068 2364 apertam

306 2391 397 2453 ‘Vim
419 2392 507 2473 prius
529 2413 669 2472 exerces,
688 2389 868 2471 Walthari,
890 2408 1024 2476 postque
1045 2395 1199 2476 sopharis.

302 2500 384 2560 Tute
406 2498 498 2559 fidem
512 2500 697 2562 absciderat.
735 2520 804 2561 cum
819 2513 932 2560 memet
944 2499 1051 2562 adesse
1067 2499 1203 2577 videres,

305 2607 347 2668 Et
369 2619 417 2669 tot
437 2607 599 2671 stravisses
619 2610 738 2688 socios,
766 2609 926 2687 immoque
947 2607 1157 2691 propinquos,

304 2704 462 2777 Excusdre
486 2718 616 2797 nequis,
651 2720 727 2799 quin
748 2737 798 2778 me
823 2729 895 2777 tunc
919 2717 1017 2778 affore
1040 2738 1157 2780 nosses.

178 2830 262 2884 1270
306 2822 404 2900 Cujus
427 2825 454 2884 si
475 2825 567 2886 iacies
589 2826 695 2903 latuit,
722 2838 827 2888 tamen
851 2846 937 2888 arma
958 2817 1087 2891 videbas

304 2932 388 2994 Nota
411 2934 502 3013 satis,
530 2935 702 3018 habituque
723 2935 825 2999 virum
849 2937 963 2998 rescire
984 2939 1119 3002 valebas.

307 3039 418 3103 Cetera
438 3042 505 3104 fors
526 3044 670 3124 tulerim,
701 3045 728 3106 si
749 3047 800 3107 vel
825 3043 915 3106 dolor
937 3066 1021 3111 unus
1044 3048 1180 3110 abesset:

303 3149 404 3214 Unice
421 3152 504 3215 enim
520 3174 645 3232 carum,
667 3157 814 3231 rutilum,
838 3153 1006 3234 blandum,
1028 3159 1200 3238 pretiosum

308 3261 459 3343 Carpsisti
479 3264 591 3326 florem
612 3267 771 3326 mucronis
793 3265 871 3324 falce
892 3269 1056 3330 tenellum

180 3376 263 3430 1275
308 3371 394 3434 Haec
416 3394 467 3434 res
490 3386 552 3451 est,
583 3385 707 3454 pactum
729 3395 792 3455 qua
812 3373 942 3436 irritasti
963 3377 1052 3456 prior
1073 3377 1198 3440 almum,

307 3477 490 3563 Idcircoque
516 3504 624 3561 gazam
645 3483 734 3562 capio
756 3502 815 3561 pro
839 3482 963 3545 foedere
985 3483 1113 3545 nullam·

308 3586 395 3650 Sitne
419 3592 476 3654 tibi
498 3578 557 3653 soli
582 3592 697 3667 virtus,
726 3593 800 3655 volo
823 3589 956 3670 discere,
981 3592 1014 3652 in
1036 3586 1150 3662 armis,

186 3714 465 3732 m

252 3771 323 3820 1254
343 3771 478 3824 attrinerat
499 3772 529 3826 Β.
589 3768 717 3824 rnechte
735 3770 766 3823 C.
821 3776 892 3825 1260
916 3775 1026 3826 iaceam
1044 3768 1075 3821 D·
1131 3771 1203 3820 12⁶2

180 3857 269 3910 ditatis
287 3859 320 3913 D.
376 3866 446 3915 1264
465 3869 555 3916 contra
573 3879 649 3930 quem
667 3863 699 3917 D.
747 3849 817 3915 1266
836 3881 868 3917 ne
889 3865 1053 3918 nocturnes
1071 3859 1133 3913 mihi
1151 3863 1203 3916 vim

173 3949 224 4031 ¹qui
252 3955 280 4002 tu
306 3952 378 4018 prior
403 3953 482 4006 iniere
508 3956 540 4009 D.
611 3959 677 4008 1211
707 3957 809 4008 valeres
834 3960 863 4010 Α.
881 3960 912 4012 C.
974 3957 1042 4006 1276
1067 3957 1145 4009 unice
1170 3957 1204 4009 mi

179 4052 266 4091 carum
282 4043 314 4094 Α.
337 4044 439 4100 unicum
456 4047 524 4100 enirn
541 4062 629 4102 cerum
644 4048 748 4100 rutilum
767 4048 888 4114 piandum
904 4045 1048 4118 preciosum
1064 4048 1095 4101 1).
1134 4050 1205 4099 1276

178 4126 308 4182 alumnum
331 4133 362 4185 Α.
