2640 4650
167 296 233 364 842
368 288 676 362 stcuuoos
706 291 778 358 ΕΤ
810 290 1005 361 nuens.
1047 238 1055 249 Ι

309 529 360 591 14.
401 525 503 588 ‘Hoc’
523 525 628 607 inquit
650 523 832 591 ‘infortunii

403 631 491 693 Dant
512 633 591 694 mint
611 645 686 696 vota
705 633 827 714 populi,

397 737 543 816 Quorum
564 740 691 820 neglexi
712 741 842 817 animas,

344 866 347 870 ’
398 847 542 924 Quorum
566 848 687 911 comedi
711 849 872 912 victimas!

310 963 361 1020 15.
402 958 466 1020 Pro
489 956 708 1020 defunctorum
732 960 843 1022 merito

399 1064 511 1127 Cautat
533 1066 681 1145 ‘placebo
706 1064 863 1145 domino,’

397 1175 437 1237 Et
459 1195 518 1256 pro
541 1175 622 1238 votis
642 1174 818 1238 viventium

400 1281 519 1343 Totum
542 1294 646 1345 cantat
667 1283 863 1363 psalterium.

307 1396 358 1452 16.
399 1391 474 1452 Post
502 1393 691 1472 completum
713 1392 896 1473 psalterium

398 1498 574 1562 Commune
599 1512 717 1581 perstat
734 1499 934 1564 commodum

397 1604 575 1671 Sacerdotis
604 1608 753 1670 timiditas

393 1712 499 1794 Atque
520 1713 589 1794 lupi
609 1714 771 1778 calliditas.

305 1825 355 1883 17.
399 1818 483 1881 Nam
510 1841 582 1881 cum
604 1821 728 1883 acclivis
750 1821 908 1903 presbiter

394 1927 560 1993 Perfiniret
581 1930 683 2010 ‘pater
701 1930 837 2008 noster,’

393 2040 498 2122 Atque
520 2038 673 2100 clamabat
700 2035 834 2111 domino·

395 2146 468 2211 ‘Sed
490 2147 590 2208 libera
612 2165 671 2208 nos
696 2143 854 2208 amalol'

302 2260 354 2317 ts.
396 2256 456 2317 Hic
478 2254 606 2318 dorsum
629 2261 695 2333 ejus
720 2253 820 2318 insilit

289 2378 297 2387 '
393 2367 434 2428 Et
453 2366 533 2428 saltu
554 2366 635 2426 liber
658 2363 776 2442 effugit,

392 2473 432 2534 Et
456 2476 543 2548 cujus
566 2485 632 2532 artc
653 2482 761 2549 captus
784 2483 839 2545 est,

393 2577 452 2641 Illo
475 2597 534 2659 pro
556 2578 638 2641 scala
661 2595 736 2638 usus
759 2588 815 2640 est.

302 2693 353 2752 19.
394 2690 437 2750 At
456 2688 508 2749 ille
529 2689 628 2750 laetus
649 2686 782 2748 nimium

398 2797 510 2860 Cantat
531 2795 675 2858 ‘laudate
698 2793 889 2871 dominum‚‘
978 2866 980 2871 .

395 2904 435 2966 Et
457 2903 603 2986 promisit
623 2924 683 2986 pro
705 2904 826 2985 populo

391 3010 431 3074 Se
454 3026 618 3076 oraturum
639 3011 785 3076 amodo.

299 3126 354 3183 20.
395 3121 478 3185 Hinc
501 3145 520 3185 a
540 3122 651 3188 vicinis
674 3121 838 3205 quaeritur

390 3231 431 3293 Et
456 3233 603 3295 inventus
625 3231 818 3305 extrahitur,

390 3341 452 3404 Sed
477 3365 542 3406 non
565 3364 728 3427 nunquam
752 3341 895 3407 devotius

391 3448 521 3529 Orovit,
544 3475 601 3541 nec
621 3451 756 3515 fidelius.
946 3440 949 3445 ¹

167 3577 451 3596 ——--—-...-.....

219 3665 299 3727 20,³
335 3666 381 3719 das
400 3667 459 3719 dem
479 3682 554 3720 verse
571 3666 754 3736 uotltuendige
772 3685 823 3723 non
841 3666 971 3732 vemeint,
996 3668 1045 3722 ant
1060 3638 1184 3732 deutsche

162 3752 256 3818 wcise,
275 3756 323 3809 mit
340 3772 469 3825 tranquam
487 3774 636 3813 zusammen
654 3774 703 3813 nur
721 3748 831 3813 eiulaclt·

529 3947 816 3962 -Μ
