2640 4650
158 288 197 353 ¹⁶2
483 288 860 359 wsh'rtttttltts

156 526 218 581 265
265 522 398 605 Dis-ipe,
426 524 502 585 bina
525 522 634 584 deliine
655 517 820 580 mediocria
842 519 958 580 scrinia
978 522 1064 581 tolle.

261 629 322 690 His
335 632 538 717 ¹armillarum
562 637 681 687 tantum
703 624 743 686 da
764 628 1032 706 pannonicarum,

262 738 374 797 Donec
397 738 450 795 vix
471 754 569 795 unum
590 735 712 796 releves
733 735 774 796 ad
799 738 933 815 pectoris
954 738 1064 795 imum.

259 842 337 903 lnde
360 854 472 922 quater
492 842 601 901 binum
622 843 701 901 mihi
725 843 773 904 lac
800 843 839 904 de
862 865 948 906 more
970 857 1153 920 coturnum,

257 949 520 1029 Tantundemque
543 948 601 1009 tibi
623 963 752 1030 patrans
774 953 946 1033 imponit03
976 954 1056 1015 vasis

148 1062 212 1116 270
256 1055 307 1117 Sic
329 1057 395 1118 lors
417 1055 455 1115 ad
479 1078 638 1118 summum
661 1062 861 1141 complemur
883 1062 998 1123 scrinia
1021 1064 1152 1123 labrum.

253 1165 388 1244 Insuper
408 1187 427 1224 a
449 1165 549 1226 fabris
572 1169 682 1249 hamos
705 1173 782 1231 clam
805 1192 898 1250 posce
920 1183 1064 1232 retortos.

253 1272 372 1334 Nostra
393 1272 509 1335 viatica
532 1276 596 1339 siut
617 1279 718 1358 pisces
739 1281 831 1341 simul
852 1293 946 1361 atque
964 1282 1125 1353 volucres,

252 1384 323 1463 lpse
345 1401 402 1459 ego
425 1383 585 1466 piscator,
614 1387 669 1450 sed
693 1403 723 1451 et
744 1410 857 1471 auceps
880 1409 947 1449 esse
972 1401 1106 1451 coartor.

254 1492 340 1553 Haec
362 1492 452 1554 intra
478 1498 684 1560 ebdomadem
708 1511 796 1559 caute
818 1519 877 1576 per
900 1498 1021 1574 singula
1047 1497 1178 1575 comple.

147 1604 211 1660 275
254 1597 398 1675 Audisti,
431 1603 509 1683 quid
532 1607 649 1665 habere
674 1606 770 1666 vianti
792 1605 870 1663 forte
894 1622 1016 1662 necesse
1040 1613 1096 1661 est.

252 1706 347 1769 Nunc
369 1729 437 1790 quo
458 1732 548 1772 more
570 1716 674 1790 fugam
700 1714 856 1773 valeamus
877 1710 958 1769 inire
979 1706 1125 1769 recludo:

251 1816 427 1899 Postquam
453 1833 599 1900 septenos
620 1821 767 1881 Phoebus
788 1817 973 1880 remeaverit
996 1820 1104 1893 orbes,

255 1924 336 2004 Regi
357 1948 395 1987 ac
416 1931 561 2007 reginae,
589 1931 739 2007 satrapis,
769 1926 920 2004 ducibus,
945 1926 1134 2006 famulisque

254 2034 392 2117 Suutptu
413 2060 585 2118 permagno
608 2038 751 2101 cotrvivia
770 2039 850 2098 laeta
874 2039 1011 2118 parabo,

149 2154 214 2208 280
258 2150 364 2231 Atque
388 2151 475 2211 omni
497 2149 622 2229 ingenio
646 2161 722 2229 potu
746 2149 879 2228 sepelire
899 2145 1049 2221 studebo,

256 2255 370 2318 Donec
380 2258 487 2316 nullus
501 2259 569 2332 erit,
587 2260 642 2340 qui
658 2260 779 2334 sentiat,
798 2259 847 2317 hic
860 2256 944 2338 quod
958 2254 1109 2334 agendum
1123 2266 1178 2313 est.

257 2362 309 2425 Tu
330 2374 437 2425 tamen
460 2366 578 2426 interea
601 2366 799 2426 mediocriter
820 2378 906 2424 utere
931 2367 1018 2436 vino,

254 2475 359 2554 Atque
383 2474 466 2535 sitim
488 2477 541 2537 vix
564 2474 600 2535 ad
624 2495 762 2535 mensam
784 2473 974 2549 restinguere
1000 2491 1092 2548 cura3

258 2580 339 2643 Cum
361 2585 478 2666 reliqui
502 2596 646 2663 surgant,
675 2581 713 2644 ad
736 2583 886 2661 opuscula
907 2593 982 2640 nota
1006 2601 1145 2641 recurre.

149 2697 213 2753 285
257 2690 313 2753 Ast
334 2693 391 2753 ubi
412 2699 472 2770 jam
497 2707 623 2754 cunctos
646 2703 771 2772 superat
792 2692 940 2751 violentia
961 2701 1073 2770 potus,

256 2800 341 2863 Tum
364 2801 459 2863 simul
480 2800 624 2863 occiduas
651 2802 1031 2880 properemus'quaerere
1057 2799 1177 2881 partes!

254 2909 354 2989 Virgo
376 2931 498 2973 memor
520 2923 684 2990 praecepta
707 2908 767 2969 viri
789 2909 971 2987 complevit,
1002 2922 1032 2969 et
1054 2929 1121 2969 ecce

256 3016 433 3080 Praefinita.
447 3017 513 3080 dies
536 3023 698 3099 epularum
723 3018 824 3093 venit,
854 3031 883 3078 et
907 3019 974 3097 ipse
995 3034 999 3039 ·

259 3110 460 3188 Waltlrarius
483 3130 602 3209 magnis
624 3130 772 3190 instruxit
794 3129 970 3207 sumptibus
993 3144 1093 3200 escas3

151 3238 215 3295 290
258 3232 401 3297 Luxuria
421 3236 456 3295 in
478 3239 580 3299 media
602 3238 756 3297 residebat
779 3236 915 3318 denique
938 3252 1052 3294 mensa.

257 3340 500 3426 Ingrediturque
522 3348 623 3406 aulam
647 3347 724 3406 velis
746 3367 803 3405 rex
828 3346 965 3425 undique
985 3348 1117 3416 septam,

256 3452 358 3514 Heros
382 3456 597 3532 magnanimus
624 3453 715 3514 solito
739 3475 832 3534 quem
857 3450 948 3514 corde
974 3445 1109 3507 salutans

257 3561 401 3623 Duxerat
419 3560 457 3621 ad
478 3566 607 3638 solium,
628 3562 713 3644 quod
731 3562 862 3642 coirrps‘p
881 3561 979 3621 bissus
998 3562 1028 3610 ct
1044 3561 1173 3611 ostrum.

176 3780 182 3791 ·
204 3752 259 3821 961
277 3764 344 3801 onus
357 3748 393 3802 H.
424 3750 479 3799 969
498 3747 592 3799 deinde
608 3748 638 3799 D.
675 3751 728 3798 269
748 3746 895 3799 tantundem
909 3738 997 3806 quanti
1013 3738 1127 3804 paternis
1144 3739 1174 3788 A.

153 3840 296 3909 pstntol).
319 3842 449 3892 statutor
459 3837 686 3892 liebdomadamD.
708 3845 760 3890 916
770 3838 826 3889 Nec
834 3835 863 3884 G.
875 3831 943 3881 Hinc
953 3828 973 3878 l.
998 3832 1051 3878 211
1060 3827 1134 3880 iebus
1142 3828 1175 3881 D.

151 3932 217 3985 918.
228 3935 283 3983 919
306 3932 363 3999 regi
380 3948 412 3983 ac
431 3932 536 3995 regiitae
553 3931 663 3996 satrapis
683 3929 799 3982 convivia
822 3925 889 3974 laeta
912 3919 1060 3986 parabol).
1121 3923 1175 3970 919

152 4023 293 4089 magnifico
311 4023 331 4075 l.
366 4027 416 4075 nst
438 4021 487 4073 ltoo
499 4023 561 4088 quid
579 4026 608 4075 Λ.
629 4021 668 4072 liic
683 4020 744 4086 quid
759 4019 789 4070 G.
814 4010 1024 4078 inaquosus.
1060 4014 1114 4061 983
1132 4023 1174 4059 re·
1193 4012 1198 4019 '

152 4110 284 4176 stringere
302 4111 332 4163 Β.
341 4110 361 4167 l.
388 4112 522 4161 mmm
532 4109 561 4161 tt.
572 4109 590 4161 1.
618 4113 671 4158 ‘293
684 4120 759 4172 quem
767 4103 795 4153 9.
808 4115 884 4165 quem
895 4100 979 4152 bissus
993 4097 1102 4166 compsit
1117 4093 1174 4147 ut.
