2640 4650
487 292 866 362 wlnrttnttltttt.

274 524 435 603 Constitit,
463 543 627 605 opponens
647 524 739 605 clipei
761 524 970 606 septemplicis
990 529 1120 604 orbem,

276 634 407 717 Saepius
428 631 558 695 eludens
580 632 740 695 venientes
762 632 915 714 providus
936 636 1027 698 ictus.

169 751 231 810 735
274 745 356 807 Nam
367 741 462 804 modo
474 740 624 817 dissiluit,
631 762 773 821 parmam
784 741 878 821 modo
889 745 988 822 vergit
1000 742 1033 804 in
1045 757 1194 824 austrum,

274 855 413 936 Telaque
434 850 592 926 discussit,
621 852 743 911 nullum
764 861 869 912 tamen
892 851 990 931 attigit
1012 854 1112 914 illum.
1174 889 1176 893 <

272 963 444 1042 Postquam
468 957 658 1021 Pandarides
679 979 711 1020 se
734 956 961 1038 consumpsisse
985 961 1107 1038 sagittas

272 1071 430 1132 Incassum
452 1066 553 1145 videt,
581 1070 681 1129 iratus
703 1087 779 1129 mox
801 1068 902 1129 exerit
923 1089 1045 1146 ensem,

273 1179 314 1240 Et
336 1176 460 1238 demum
483 1174 657 1237 advolitans
679 1178 736 1237 hos
756 1176 874 1253 jactitat
895 1196 951 1236 ore
974 1177 1114 1258 loquelas

170 1289 232 1349 sto
276 1282 321 1348 ιΟ
344 1286 372 1346 si
391 1296 539 1348 ventosos
561 1285 663 1346 lusisti
690 1283 799 1345 callide
821 1269 933 1362 jactus,

273 1393 393 1456 Forsan
417 1392 569 1455 vibrantis
591 1390 719 1453 dextrae
739 1397 800 1469 jam
823 1394 958 1475 percipis
979 1396 1095 1458 ictum.’

273 1504 323 1566 Illi
343 1501 541 1564 Waltharius
566 1500 682 1563 ridenti
702 1514 828 1581 pectore
851 1500 982 1566 adorsus

274 1613 422 1693 ‘Jamque
446 1609 498 1671 diu
521 1610 595 1671 satis
617 1623 763 1690 exspecto
785 1613 955 1674 certamina
975 1617 1058 1690 justo

275 1719 419 1785 Pondere
442 1722 500 1800 agi.
531 1719 653 1782 festina.
695 1722 733 1780 ln
755 1741 806 1782 me
829 1741 918 1784 mora
940 1744 1006 1787 non
1028 1725 1089 1785 erit
1110 1726 1194 1786 ulla.'

170 1833 231 1895 7⁴5
273 1833 424 1909 Dixerat,
453 1842 483 1890 et
504 1841 570 1891 toto
594 1827 750 1890 connixus
772 1843 899 1910 pectore
921 1834 1040 1895 ferrum

275 1940 417 2018 conjicit.
459 1940 548 1999 hasta
568 1939 679 2023 volans
701 1949 810 2019 pectus
832 1943 984 2005 reseravit
1004 1944 1171 2026 equinum3

273 2049 370 2110 Tollit
392 2067 425 2108 se
447 2058 602 2107 arrectum
626 2045 805 2128 quadrupes
828 2060 859 2109 et
881 2050 1018 2110 calcibus
1039 2071 1131 2111 auras

270 2155 436 2234 Verberat,
455 2154 683 2237 effundensque
699 2157 846 2238 equitem,
862 2155 971 2218 cecidit
985 2178 1082 2240 super
1094 2160 1193 2220 illum.

276 2264 418 2324 Accurrit
439 2264 560 2340 juvenis
581 2277 611 2325 et
634 2266 664 2325 ei
684 2264 717 2328 vi
738 2262 846 2347 diripit
866 2287 983 2330 ensem.

170 2378 232 2434 750
276 2370 402 2432 Casside
425 2369 562 2434 discussa
583 2374 684 2436 crines
706 2375 923 2456 complectitur
944 2377 1047 2448 albos,

274 2480 528 2563 Multiplicesque
550 2504 657 2564 preces
680 2482 815 2545 nectenti
836 2482 959 2542 dixerat
979 2482 1071 2541 beros

273 2591 380 2652 ‘Talia
399 2610 463 2651 non
487 2590 605 2652 dudum
626 2594 763 2668 jactabas
785 2589 865 2652 dicta
885 2610 943 2670 per
964 2590 1077 2649 auras?

272 2702 358 2761 Haec
380 2702 441 2777 ait,
472 2713 502 2761 et
526 2714 672 2762 truncum
696 2702 779 2760 secta
800 2699 920 2763 cervice
943 2697 1081 2780 reliquit.

276 2807 337 2869 Sed
361 2829 425 2870 non
448 2807 622 2871 dementem
645 2809 706 2870 tria
726 2809 793 2872 visa
816 2806 968 2869 cadavera
986 2797 1105 2869 terrent

171 2924 233 2982 755
279 2917 507 2990 Guutharium,
533 2920 623 2996 jubet
642 2917 681 2979 ad
702 2928 834 2977 mortem
855 2937 1028 3000 properare
1049 2918 1193 2980 vicissim.

275 3025 324 3086 En
347 3047 365 3087 a
386 3024 548 3087 Saxonicis
570 3025 633 3088 oris
652 3024 793 3090 Ekevrid
815 3039 980 3106 generatus
1205 3002 1213 3016 .

276 3132 413 3210 Quartus
437 3137 602 3216 temptavit
626 3138 763 3219 bellum,
790 3137 846 3222 qui
867 3160 927 3221 pro
950 3161 1025 3201 nece
1047 3140 1126 3200 laeta
1231 3140 1233 3144 ⁴

276 3240 446 3319 Cujusdam
470 3245 612 3323 primatis
634 3268 672 3309 eo
695 3249 861 3326 diffugerat
884 3246 977 3322 exul,
1097 3229 1101 3235 ⁵

277 3348 379 3423 Quem
400 3351 513 3433 spadix
533 3357 673 3433 gestabat
689 3331 793 3437 equus
813 3352 942 3412 maculis
964 3350 1119 3410 variatus:

172 3467 234 3520 760
276 3459 336 3520 Hic
359 3462 415 3521 ubi
433 3461 649 3526 Waltharium
670 3473 850 3543 promptum
871 3453 958 3518 videt
980 3472 1045 3512 esse
1067 3449 1171 3510 duello

278 3568 372 3628 ‘Dic'
396 3570 439 3630 ait
461 3570 517 3631 ‘an
540 3591 656 3651 corpus
677 3580 794 3648 vegetet
817 3563 978 3625 tractabile
1002 3572 1114 3634 temet,

279 3675 352 3739 Sive
377 3700 435 3760 per
458 3679 558 3741 aerias
578 3658 688 3754 lallas,
717 3668 895 3746 maledicte,
925 3666 1063 3748 figuras?

168 3834 454 3848 ffl—

246 3933 300 3982 tte
317 3932 362 3982 out
383 3931 415 3986 s.
457 3935 510 3984 res
528 3919 638 3997 torpore·
656 3929 687 3978 o.
715 3930 779 3987 ⁴ase
798 3921 885 3976 tutum
904 3923 934 3975 c.
972 3928 1025 3976 tas
1044 3922 1193 3976 eltutus.

174 4024 225 4072 757
244 4036 295 4086 qua
314 4038 374 4076 reus
393 4024 423 4076 G.
476 4025 529 4074 tte
552 4020 679 4074 uariatum
698 4020 731 4077 Ε.
785 4022 839 4072 too
856 4014 923 4072 bunc
941 4023 970 4070 ut
989 4016 1146 4072 Waltlratius
1164 4016 1194 4067 C.

171 4109 212 4164 trie
231 4111 263 4167 tt.
