2640 4650
488 290 869 374 wintiutatus,
1165 302 1186 364 5

162 416 1170 428 fflm——ffl—

246 522 413 600 Princeps,
444 531 474 581 et
497 534 625 583 cunctos
651 524 816 603 compellat
840 523 883 583 sic
906 524 1049 584 seniores

207 623 209 627 Α
246 631 299 696 ‘Si
319 651 394 710 gens
414 643 476 690 tam
500 630 608 706 fortis,
639 632 691 691 cui
713 651 770 691 nos
793 632 927 693 similare
954 634 1137 715 nequimus,

246 740 346 802 Cessit
366 740 566 814 Pannoniae,
596 760 659 820 qua
681 759 740 800 nos
761 739 877 802 virtute
898 744 1013 821 putatis

163 853 203 906 60
246 848 328 908 Huic
347 845 491 927 conferre
510 865 638 932 manum
657 855 688 905 et
706 844 838 925 patriam
859 845 1027 910 defendere
1043 845 1186 909 dulcem?

246 955 300 1015 Est
322 954 435 1029 satius,
463 965 588 1033 pactum
611 952 725 1014 iaciant
747 950 942 1036 censumque
962 970 1133 1036 capessant.

246 1063 349 1124 Unica
371 1075 445 1123 nata
471 1061 548 1122 miti
572 1073 634 1136 est,
664 1083 758 1143 quam
780 1063 905 1125 tradere
928 1085 987 1145 pro
1008 1065 1136 1143 regione

200 1166 318 1248 §Non
342 1168 471 1233 dubito:
503 1182 622 1230 tantum
646 1185 775 1250 pergant
796 1173 850 1254 qui
873 1172 1002 1235 foedera
1025 1173 1165 1235 firment!

212 1252 316 1344 lbani
337 1283 430 1361 legati
451 1283 523 1343 totis
546 1280 656 1360 gladiis
681 1284 823 1363 spoliati,

163 1399 202 1453 65
247 1393 400 1454 Hostibus
421 1391 599 1468 insinuant,
630 1391 717 1474 quod
737 1396 818 1472 regie
840 1395 937 1470 jussio
962 1395 1103 1471 mandat,

247 1500 290 1562 Ut
314 1513 432 1562 cessent
454 1511 576 1562 vastare
596 1513 716 1578 rogant.
766 1499 854 1575 Quos
877 1503 972 1564 Attila
995 1503 1122 1582 ductor,

246 1607 289 1670 Ut
313 1609 424 1670 solitus
450 1611 567 1687 fuerat,
597 1608 712 1671 blande
736 1611 890 1691 suscepit,
913 1611 949 1673 ‘et
970 1612 1074 1694 inquit

244 1716 402 1781 ‘Foedera
424 1721 495 1800 plus
521 1720 635 1799 cupio,
665 1739 759 1799 quam
784 1719 907 1799 proelia
931 1720 1052 1781 mittere
1079 1723 1185 1802 vulgo.

244 1829 323 1888 Pace
346 1828 474 1910 quidem
498 1828 732 1895 Huni.1malunt
753 1829 984 1914 regnare,·sed
1007 1832 1101 1891 ermis

161 1945 201 1998 70
245 1936 340 1999 Inviti
362 1937 497 2010 feriunt,
524 1955 605 2018 quos
627 1947 758 1997 cernunt
780 1955 847 1996 esse
867 1936 1009 1997 rebelles.

243 2045 312 2106 Rex
335 2043 374 2104 acl
398 2062 454 2107 nou
476 2045 605 2111 ueniens
629 2063 736 2120 pacem
759 2042 811 2101 det
831 2054 925 2119 atque
948 2045 1106 2104 resumat?

201 2123 325 2216 Exivit
348 2155 512 2232 princeps,
543 2165 707 2232 asportans
730 2153 944 2211 innumeratos

244 2263 441 2339 Thesauros,
471 2272 660 2341 pactumque
681 2259 772 2337 ierit,
800 2260 968 2340 natamque
991 2257 1149 2340 relinquit.

242 2371 347 2450 Pergit
368 2370 401 2430 in
424 2368 554 2432 exilium
579 2368 790 2448 pulcherrima
812 2386 934 2446 gemma
956 2379 1132 2448 parentum.

158 2454 243 2547 751J
246 2498 390 2567 ostquam
415 2482 584 2564 complevit
604 2494 748 2563 parterm,
781 2481 950 2563 statuitque
971 2482 1141 2555 tributum,

239 2594 334 2655 Attila
355 2594 388 2653 in
412 2590 558 2656 occiduas
581 2601 785 2673 promoverat
811 2591 932 2670 agmina
956 2601 1070 2669 partes.

159 2704 196 2774 [121
239 2702 385 2784 Namque
409 2701 642 2783 Aquitanorum
669 2711 746 2761 tunc
765 2700 905 2779 Alpheae
930 2719 1026 2776 regua
1050 2699 1173 2758 tenebat

241 2809 342 2885 Quem
366 2811 506 2872 sobolem
528 2830 623 2871 sexus
645 2819 778 2870 narrant
798 2809 944 2869 habuisse
965 2807 1079 2880 virilis,
1133 2836 1137 2842 ·

241 2916 377 2977 Nomine
398 2895 631 2994 Waltltarium,
661 2918 824 2998 primaevo
844 2913 923 2977 flore
947 2915 1107 2991 nitentem.

161 3028 202 3081 80
244 3020 326 3080 Nam
349 3023 565 3097 jusjurandum
587 3025 736 3087 Hernicus
759 3037 788 3086 et
811 3024 948 3103 Alpltere
968 3042 1056 3099 reges

243 3128 330 3186 Inter
351 3147 384 3187 se
407 3126 573 3206 dederant,
600 3153 716 3212 pueros
741 3132 826 3216 quod
850 3132 1079 3205 consocialem,

246 3234 325 3296 Cum
347 3238 485 3317 primum
508 3250 630 3320 tempus
652 3241 792 3303 nubendi
815 3241 938 3305 venerit
960 3242 1031 3317 illis.

241 3346 303 3406 Hic
325 3347 379 3408 ubi
401 3348 563 3427 cognovit,
593 3364 698 3429 gentes
718 3352 774 3410 has
796 3371 862 3411 esse
886 3348 1042 3421 domatus,

242 3453 399 3537 Coeperat
421 3458 542 3536 ingenti
567 3458 669 3520 cordis
694 3458 851 3538 trepidare
874 3478 1002 3536 pavore.

157 3566 197 3621 85
240 3560 307 3624 Nec
328 3569 390 3641 jam
413 3583 484 3645 spes
507 3567 611 3629 fuerat
633 3566 733 3627 saevis
759 3563 921 3625 defendier
943 3563 1045 3623 armis.

202 3733 212 3741 ,
240 3669 343 3746 ‘Quid
365 3678 534 3736 cessemus’
561 3675 619 3750 ait,
645 3675 691 3734 ‘si
711 3674 794 3734 bella
817 3694 941 3735 inovere
963 3664 1152 3752 nequimus?

208 3927 244 3973 50
262 3926 382 3981 simulare
399 3929 432 3984 0,
476 3933 512 3981 59
531 3943 578 3982 uos
597 3928 628 3980 0.
649 3941 728 4006 quam
748 3943 795 3980 nos
814 3929 844 3980 Α.
894 3930 931 3980 62
950 3923 1099 3988 mihiquem
1117 3920 1178 3974 ut.

155 4016 190 4062 63
209 4013 313 4093 firnaant¹
328 4019 360 4070 B.
412 4022 448 4073 86
468 4026 571 4072 remant
593 4020 624 4073 B.
678 4023 710 4071 tt
732 4017 851 4071 dextram
871 4017 915 4070 det
940 4015 1001 4069 B.l.
1059 4016 1093 4063 ts
1117 4009 1179 4062 teli-

155 4103 212 4168 quit
230 4103 260 4154 Α.
275 4103 293 4154 l.
348 4111 558 4178 tbcompletum
579 4113 609 4164 A.
665 4114 700 4160 te
718 4125 797 4162 sexus
815 4109 930 4161 sobolem
951 4106 970 4159 l.
992 4110 1022 4156 81
1047 4110 1075 4154 ut
1094 4103 1114 4153 Ι.
