2640 4650
466 273 844 339 wltrflltttus

260 498 323 575 Qui
345 521 394 560 me
415 499 453 560 de
475 500 570 563 variis
589 498 697 561 eduxit
719 522 811 582 saepe
833 503 971 582 periclis,

258 607 319 693 Hic
341 608 421 670 valet
442 609 499 671 hic„
517 609 635 684 hostes,
665 607 775 684 credo,
805 609 997 671 contundere
1020 612 1166 671 nostros!

255 714 340 776 Haec
362 716 420 791 ait,
443 728 536 797 atque
558 717 665 778 ocellos
687 717 797 778 tollens
821 718 934 778 effatur
957 717 1116 796 adipeam

152 826 214 882 555
257 821 348 887 ‘Non
373 837 480 885 essunt
505 826 621 886 Avares
648 826 697 885 hic
720 824 773 886 sed
797 826 911 887 Franci
935 828 1107 887 nebulones

259 930 402 994 Cultores
424 933 559 1010 regionis
568 935 587 1008 ,’
607 945 637 992 et
661 955 718 1008 en,
740 936 859 1012 galeam
880 934 1061 1013 Haganouis

152 1091 156 1096 .
256 1039 393 1118 Aspicit,
424 1053 455 1101 et
475 1061 608 1101 noscens
628 1042 763 1117 injunxit
782 1043 862 1104 talia
877 1041 982 1103 ridens

256 1145 311 1204 ‘Et
332 1168 420 1209 meus
441 1148 491 1208 hic
513 1150 614 1209 socius
637 1147 767 1226 Hegano
790 1150 906 1226 collega
927 1144 1095 1209 veternus)

213 1231 300 1322 Hoc
326 1262 420 1322 heros
442 1261 524 1322 dicto
547 1260 710 1320 introitum
732 1260 873 1320 stationis
895 1257 1016 1335 adibat,

151 1373 213 1429 560
256 1370 392 1432 Inferius
413 1371 505 1433 stanti
520 1369 704 1451 praedicens
722 1371 766 1432 sic
790 1372 931 1433 nutlierI:

257 1480 341 1544 ‘Hac
363 1501 466 1542 eorem
492 1491 585 1562 porta
606 1482 738 1542 verbum
756 1479 851 1541 modo
872 1486 953 1558 Jacto
974 1483 1162 1562 superbum:

258 1589 341 1650 Hine
366 1591 471 1649 nullus
491 1587 616 1649 rediens
640 1589 735 1648 uxori
758 1587 861 1649 dicere
879 1590 1019 1651 Francus

254 1697 453 1774 Praesume,
482 1717 515 1758 se
540 1697 668 1776 impune
690 1718 784 1775 gazae
815 1697 891 1781 quid
917 1700 1027 1760 tollere
1051 1701 1178 1759 tantae?

255 1803 323 1869 Neo
345 1803 419 1866 dum
441 1825 619 1868 sermonem
642 1808 826 1888 compleuit,
853 1807 1042 1867 humotenus
1065 1826 1133 1867 ecce

151 1918 213 1977 565
258 1912 386 1976 Corruit
407 1927 436 1975 et
458 1919 582 1977 veniam
603 1915 710 1996 petiit,
740 1917 814 2000 quia
835 1915 909 1976 talis
931 1913 1020 1976 dixit.

255 2024 425 2107 Postquam
453 2026 589 2086 surrexit
611 2027 825 2105 contemplans
851 2026 971 2086 cautius
990 2042 1099 2086 omnes

254 2130 395 2193 ‘Horum
418 2153 498 2214 quos
520 2133 613 2197 video
637 2137 775 2212 nullum,
794 2134 969 2214 Hsganone
989 2143 1131 2208 remoto,

257 2237 420 2322 Suspici03
447 2264 584 2326 namque
606 2246 657 2308 ille
679 2263 764 2305 meos
784 2265 843 2324 per
863 2246 985 2324 proelia
1006 2263 1110 2305 mores

254 2346 322 2409 Jam
345 2346 467 2430 didicit,
496 2365 582 2415 tenet
602 2354 653 2413 hic
675 2353 768 2412 etiam
790 2363 838 2411 sat
860 2349 990 2412 callidus
1011 2363 1129 2422 artem3

149 2460 210 2516 570
254 2452 357 2530 Quam
380 2458 407 2519 si
426 2459 507 2523 forte
530 2463 654 2525 volente
676 2458 734 2519 deo
756 2455 954 2536 intercepero
978 2454 1095 2528 solam,

255 2561 356 2626 Tunc’
373 2567 415 2627 ait
436 2568 487 2630 ‘ex
496 2590 602 2651 pugna
614 2568 681 2645 tibi,
702 2562 853 2643 Hiltgund
866 2582 990 2644 sponsa,
1008 2559 1170 2623 reservor?

219 2649 294 2737 Ast
315 2675 370 2737 ubi
394 2678 609 2743 Waltlrerium
632 2680 685 2741 tali
708 2676 840 2739 statione
862 2689 1022 2757 receptum

253 2788 424 2871 Conspexit
443 2791 593 2870 Hagnae,
614 2803 754 2871 satrapae
777 2809 854 2850 mox
872 2789 932 2851 ista
954 2788 1092 2868 superbo

256 2896 398 2979 suggerit
419 2903 454 2962 ‘o
475 2903 599 2981 senior,
621 2898 734 2963 desiste
755 2902 907 2963 lacessere
927 2882 1011 2964 bello

147 3014 208 3070 575
253 3007 881 3094 Hunchominem!pergantp1·imum,qui
890 3008 1174 3091 cunctarequirant,

251 3119 291 3182 Et
312 3141 409 3201 genua
431 3135 462 3184 et
482 3125 615 3207 patriam
635 3145 814 3206 nomenque
834 3125 1003 3206 locumque
1022 3120 1175 3182 relictum.

251 3230 330 3304 Vel,
352 3233 379 3289 si
401 3233 483 3292 forte
498 3248 582 3311 petet
599 3256 727 3312 pacem,
750 3234 816 3292 sine
832 3235 981 3310 sanguiue
997 3230 1151 3306 praebens

253 3335 468 3408 Tlresaurum,
499 3356 558 3412 per
578 3355 766 3414 responsum
794 3354 980 3410 cognoscere
1003 3335 1172 3389 homonem

250 3439 440 3510 Possumus;
475 3455 504 3502 et
526 3443 553 3502 si
574 3441 772 3503 Waltlrarius
793 3452 974 3499 remoratur
993 3434 1130 3509 ibidem,

149 3554 212 3608 580
254 3548 311 3608 Est
332 3549 470 3627 sapiens,
495 3551 600 3610 lorsen
624 3563 729 3610 vestro
753 3544 900 3608 concedet
923 3543 1057 3605 leonori!

225 3629 394 3739 Praecipit
416 3662 462 3721 i're
486 3662 589 3722 virum
612 3660 796 3739 cognomine
818 3677 876 3717 rex
899 3655 1113 3730 Camelonem‚

220 3837 273 3884 555
299 3846 349 3882 nou
373 3838 432 3882 suut
454 3833 484 3883 l.
545 3833 598 3880 557
623 3844 751 3893 guorcens
770 3827 802 3876 B.
864 3827 918 3874 558
943 3830 983 3876 est
1001 3853 1037 3863 -
1054 3828 1171 3876 vetustus

149 3921 259 3973 Moltera
283 3928 416 3975 corrector
435 3936 520 3988 gagen
542 3922 593 3971 alle
614 3918 664 3970 less.
711 3921 771 3968 ’563
791 3915 886 3980 aliquid
907 3917 936 3968 C.
970 3923 1074 3968 nostrae
1093 3917 1123 3970 C.
1139 3916 1171 3982 ll,

148 4025 188 4060 am
210 4012 289 4063 rende
316 4019 411 4066 tantae.
473 4014 526 4063 578
551 4010 687 4063 hamonem
707 4009 736 4063 C.
754 4009 784 4062 Ε.
839 4012 894 4060 580
917 4015 1005 4061 nostro
1025 4009 1054 4061 C.
1117 4013 1169 4061 581

147 4100 311 4154 Camelonem
327 4105 358 4156 B.
386 4103 554 4157 Kamelonem
568 4100 596 4152 C.
