2640 4650
488 240 729 351 numos

206 501 219 524 ⁸
295 515 302 529 ⁸
322 508 394 571 Suis
418 525 598 591 quassantes
620 511 751 593 genibus

321 618 476 680 Subsellia
496 621 680 701 poplitibus.

203 735 277 790 203.
319 728 466 790 Formam
489 728 596 790 vident
624 731 769 795 uuibovis

224 852 227 857 ’
319 837 446 900 Porcini
467 836 635 902 ductricem
658 841 768 920 gregis,

319 947 426 1027 ipsum
447 944 502 1008 sed
526 968 676 1010 essenon
699 962 822 1030 putant,

320 1053 479 1118 Occidisse
499 1068 697 1136 putaverant.

202 1164 276 1227 204.
319 1165 560 1244 Recognoscunt
581 1165 762 1245 unibovem,

318 1268 437 1333 Vident
463 1290 633 1351 porcorum
655 1268 793 1349 divitem,

316 1383 534 1459 interrogant,
556 1381 626 1463 quis
648 1378 769 1442 dederit

318 1487 379 1551 Tot
401 1507 534 1569 porcos,
565 1502 619 1550 aut
639 1482 841 1549 vendiderit?

198 1600 273 1658 205.
315 1595 498 1677 Respondet
520 1598 589 1659 ‘sub
611 1595 755 1677 prodigio

317 1704 417 1766 Maris
438 1704 669 1795 praecipitati03

319 1813 371 1875 Ad
391 1836 525 1894 regnum
548 1814 761 1876 felicissimum

319 1923 380 1985 Fui
403 1943 460 2002 per
481 1922 713 2000 praecipitium.

197 2033 271 2089 206.
313 2027 390 2089 lude
413 2049 577 2109 nunquam
599 2026 789 2103 recederem,

318 2134 353 2197 Si
374 2156 439 2197 non
469 2155 620 2198 amassem
644 2141 816 2216 conjugem,

321 2243 422 2320 Quam
446 2242 565 2311 vidistis
588 2265 752 2324 resurgere

320 2353 450 2416 Veracis
473 2351 568 2413 tubae
592 2373 763 2416 murmure.

198 2471 272 2527 207.
315 2463 389 2526 Non
417 2462 478 2522 fuit
500 2464 590 2542 culpa
613 2464 747 2524 bucinae

319 2570 379 2634 Sed
407 2571 584 2632 bucinantis
605 2573 751 2652 pessime,
785 2590 798 2613 ²

320 2677 438 2742 Omnes
460 2681 488 2739 si
509 2690 629 2739 vestrae
650 2681 785 2740 feminae

318 2787 418 2849 Modo
441 2799 573 2848 stertunt
594 2788 654 2849 sub
674 2789 816 2869 pulvere.

199 2902 274 2957 208.
317 2895 408 2973 Heu,
439 2916 496 2956 cur
518 2895 551 2955 in
573 2897 709 2975 pueritia

268 3042 278 3091 ¹.
318 3002 372 3063 Me
394 3022 458 3063 non
480 3001 615 3078 jactastis
637 3002 676 3065 ad
698 3004 777 3079 loca,

317 3108 411 3174 Unde
434 3108 510 3171 felix
530 3109 701 3191 regredior,

317 3218 472 3281 Revertor
493 3215 670 3282 eruditior?

198 3336 273 3392 209.
316 3329 370 3391 Me
390 3328 526 3408 jactastis
548 3350 606 3409 per
625 3325 732 3392 odium

314 3437 364 3501 td
385 3436 651 3520 propitiatorium,

206 3595 213 3601 -
316 3547 382 3610 Ubi
403 3568 570 3630 porcorum
596 3557 671 3609 sunt
690 3547 796 3624 greges

317 3656 380 3717 Per
400 3659 523 3717 nullum
545 3653 775 3734 numerabiles?

199 3767 272 3826 210.
316 3760 383 3824 Sub
410 3762 681 3825 ammirationibus

317 3870 410 3934 Prius
432 3869 505 3933 dicit
526 3869 741 3954 praepositus:

318 3978 396 4042 ‘Nos
417 4001 586 4062 pernarum
609 4002 680 4063 spes
702 3979 818 4064 optima

314 4082 424 4149 Monet
446 4097 597 4168 temptare
626 4090 732 4152 maria.
