<?xml version="1.0" encoding="UTF-8"?>
<!DOCTYPE html PUBLIC "-//W3C//DTD XHTML 1.0 Transitional//EN"
    "http://www.w3.org/TR/xhtml1/DTD/xhtml1-transitional.dtd">
<html xmlns="http://www.w3.org/1999/xhtml" xml:lang="en" lang="en">
 <head>
  <title>
</title>
<meta http-equiv="Content-Type" content="text/html;charset=utf-8" />
  <meta name='ocr-system' content='tesseract 3.04.00' />
  <meta name='ocr-capabilities' content='ocr_page ocr_carea ocr_par ocr_line ocrx_word'/>
</head>
<body>
  <div class='ocr_page' id='page_1' title='image "./lateinischegedi00schmgoog/lateinischegedi00schmgoog_0420.png"; bbox 0 0 2640 4650; ppageno 0'>
   <div class='ocr_carea' id='block_1_1' title="bbox 145 274 972 346">
    <p class='ocr_par' dir='ltr' id='par_1_1' title="bbox 145 274 972 346">
     <span class='ocr_line' id='line_1_1' title="bbox 145 274 972 346; baseline -0.005 1"><span class='ocrx_word' id='word_1_1' title='bbox 145 277 212 346; x_wconf 72' lang='grc'><strong>860</strong></span> <span class='ocrx_word' id='word_1_2' title='bbox 344 275 578 344; x_wconf 74' lang='lat' dir='ltr'>GALLUS</span> <span class='ocrx_word' id='word_1_3' title='bbox 623 275 697 342; x_wconf 79' lang='grc' dir='ltr'><strong>ΕΤ</strong></span> <span class='ocrx_word' id='word_1_4' title='bbox 731 274 972 344; x_wconf 63' lang='grc' dir='ltr'><strong>ἨΠιΡῦδ.</strong></span> 
     </span>
    </p>
   </div>
   <div class='ocr_carea' id='block_1_2' title="bbox 257 501 928 3958">
    <p class='ocr_par' dir='ltr' id='par_1_2' title="bbox 283 501 829 694">
     <span class='ocr_line' id='line_1_2' title="bbox 283 501 829 588; baseline 0 -20"><span class='ocrx_word' id='word_1_5' title='bbox 283 513 336 568; x_wconf 77' lang='grc'><strong>38.</strong></span> <span class='ocrx_word' id='word_1_6' title='bbox 378 501 535 584; x_wconf 84' lang='lat' dir='ltr'><strong>Scriptum</strong></span> <span class='ocrx_word' id='word_1_7' title='bbox 557 501 597 565; x_wconf 83' lang='lat' dir='ltr'><strong>de</strong></span> <span class='ocrx_word' id='word_1_8' title='bbox 618 505 829 588; x_wconf 87' lang='lat' dir='ltr'><strong>sterquilinio-</strong></span> 
     </span>
     <span class='ocr_line' id='line_1_3' title="bbox 375 611 748 694; baseline 0.003 -20"><span class='ocrx_word' id='word_1_9' title='bbox 375 611 498 674; x_wconf 85' lang='lat' dir='ltr'><strong>Scimns</strong></span> <span class='ocrx_word' id='word_1_10' title='bbox 519 614 552 672; x_wconf 87' lang='lat' dir='ltr'><strong>itt</strong></span> <span class='ocrx_word' id='word_1_11' title='bbox 574 615 748 694; x_wconf 80' lang='lat' dir='ltr'><strong>cvangelio,</strong></span> 
     </span>
    </p>

    <p class='ocr_par' dir='ltr' id='par_1_3' title="bbox 368 718 784 894">
     <span class='ocr_line' id='line_1_4' title="bbox 370 718 784 798; baseline 0.01 -15"><span class='ocrx_word' id='word_1_12' title='bbox 370 718 466 798; x_wconf 83' lang='lat' dir='ltr'><strong>Quod</strong></span> <span class='ocrx_word' id='word_1_13' title='bbox 482 723 600 785; x_wconf 84' lang='lat' dir='ltr'><strong>vinitor</strong></span> <span class='ocrx_word' id='word_1_14' title='bbox 619 724 784 787; x_wconf 81' lang='lat' dir='ltr'><strong>ficulneam</strong></span> 
     </span>
     <span class='ocr_line' id='line_1_5' title="bbox 368 831 766 894; baseline 0 -1"><span class='ocrx_word' id='word_1_15' title='bbox 368 831 447 894; x_wconf 85' lang='lat' dir='ltr'><strong>lude</strong></span> <span class='ocrx_word' id='word_1_16' title='bbox 469 831 543 893; x_wconf 84' lang='lat' dir='ltr'><strong>iecit</strong></span> <span class='ocrx_word' id='word_1_17' title='bbox 563 832 766 894; x_wconf 72' lang='lat' dir='ltr'><strong>fructiferam.</strong></span> 
     </span>
    </p>

    <p class='ocr_par' dir='ltr' id='par_1_4' title="bbox 277 939 926 1350">
     <span class='ocr_line' id='line_1_6' title="bbox 277 939 839 1023; baseline 0.002 -22"><span class='ocrx_word' id='word_1_18' title='bbox 277 947 330 1003; x_wconf 77' lang='grc'><strong>39.</strong></span> <span class='ocrx_word' id='word_1_19' title='bbox 372 940 513 1004; x_wconf 85' lang='lat' dir='ltr'><strong>Securim</strong></span> <span class='ocrx_word' id='word_1_20' title='bbox 534 962 670 1023; x_wconf 86' lang='lat' dir='ltr'><strong>namque</strong></span> <span class='ocrx_word' id='word_1_21' title='bbox 692 939 839 1004; x_wconf 89' lang='lat' dir='ltr'><strong>dominus</strong></span> 
     </span>
     <span class='ocr_line' id='line_1_7' title="bbox 368 1027 869 1130; baseline 0.008 -21"><span class='ocrx_word' id='word_1_22' title='bbox 368 1047 487 1130; x_wconf 80' lang='lat' dir='ltr'><strong>Aptans</strong></span> <span class='ocrx_word' id='word_1_23' title='bbox 507 1050 554 1110; x_wconf 89' lang='lat' dir='ltr'><strong>illi</strong></span> <span class='ocrx_word' id='word_1_24' title='bbox 578 1049 727 1113; x_wconf 83' lang='lat' dir='ltr'><strong>radicitus</strong></span> <span class='ocrx_word' id='word_1_25' title='bbox 863 1027 869 1034; x_wconf 32' lang='lat'>⁵</span> 
     </span>
     <span class='ocr_line' id='line_1_8' title="bbox 365 1154 785 1241; baseline 0.005 -23"><span class='ocrx_word' id='word_1_26' title='bbox 365 1154 492 1219; x_wconf 83' lang='lat' dir='ltr'>Succidi</span> <span class='ocrx_word' id='word_1_27' title='bbox 512 1160 594 1219; x_wconf 87' lang='lat' dir='ltr'><strong>hanc</strong></span> <span class='ocrx_word' id='word_1_28' title='bbox 617 1158 785 1241; x_wconf 86' lang='lat' dir='ltr'><strong>imperitat,</strong></span> 
     </span>
     <span class='ocr_line' id='line_1_9' title="bbox 368 1267 926 1350; baseline 0.004 -22"><span class='ocrx_word' id='word_1_29' title='bbox 368 1267 507 1331; x_wconf 87' lang='lat' dir='ltr'><strong>Dicens:</strong></span> <span class='ocrx_word' id='word_1_30' title='bbox 543 1289 601 1329; x_wconf 92' lang='lat' dir='ltr'><strong>cur</strong></span> <span class='ocrx_word' id='word_1_31' title='bbox 630 1281 749 1330; x_wconf 89' lang='lat' dir='ltr'><strong>terram</strong></span> <span class='ocrx_word' id='word_1_32' title='bbox 769 1267 926 1350; x_wconf 78' lang='lat' dir='ltr'><strong>occupat?</strong></span> 
     </span>
    </p>

    <p class='ocr_par' dir='ltr' id='par_1_5' title="bbox 272 1371 911 1783">
     <span class='ocr_line' id='line_1_10' title="bbox 272 1371 911 1456; baseline 0.003 -21"><span class='ocrx_word' id='word_1_33' title='bbox 272 1371 327 1436; x_wconf 80' lang='grc' dir='ltr'><strong>4ο.</strong></span> <span class='ocrx_word' id='word_1_34' title='bbox 369 1376 410 1436; x_wconf 85' lang='lat' dir='ltr'><strong>ttt</strong></span> <span class='ocrx_word' id='word_1_35' title='bbox 437 1375 490 1436; x_wconf 82' lang='lat' dir='ltr'><strong>itte</strong></span> <span class='ocrx_word' id='word_1_36' title='bbox 521 1374 626 1435; x_wconf 80' lang='lat' dir='ltr'><strong>statim</strong></span> <span class='ocrx_word' id='word_1_37' title='bbox 651 1375 808 1456; x_wconf 73' lang='lat' dir='ltr'><strong>impetrat,</strong></span> <span class='ocrx_word' id='word_1_38' title='bbox 906 1422 911 1428; x_wconf 87' lang='lat'><strong>.</strong></span> 
     </span>
     <span class='ocr_line' id='line_1_11' title="bbox 363 1481 811 1560; baseline 0.007 -15"><span class='ocrx_word' id='word_1_39' title='bbox 363 1483 413 1545; x_wconf 84' lang='lat' dir='ltr'><strong>Ne</strong></span> <span class='ocrx_word' id='word_1_40' title='bbox 433 1483 509 1544; x_wconf 87' lang='lat' dir='ltr'><strong>ficus</strong></span> <span class='ocrx_word' id='word_1_41' title='bbox 541 1481 644 1546; x_wconf 83' lang='lat' dir='ltr'><strong>adbuc</strong></span> <span class='ocrx_word' id='word_1_42' title='bbox 673 1498 811 1560; x_wconf 81' lang='lat' dir='ltr'><strong>corruat,</strong></span> 
     </span>
     <span class='ocr_line' id='line_1_12' title="bbox 363 1592 767 1673; baseline 0.012 -21"><span class='ocrx_word' id='word_1_43' title='bbox 363 1592 475 1654; x_wconf 88' lang='lat' dir='ltr'><strong>Donec</strong></span> <span class='ocrx_word' id='word_1_44' title='bbox 498 1605 618 1673; x_wconf 87' lang='lat' dir='ltr'><strong>aptaret</strong></span> <span class='ocrx_word' id='word_1_45' title='bbox 643 1596 767 1657; x_wconf 87' lang='lat' dir='ltr'><strong>sarculo</strong></span> 
     </span>
     <span class='ocr_line' id='line_1_13' title="bbox 367 1699 810 1783; baseline 0.002 -20"><span class='ocrx_word' id='word_1_46' title='bbox 367 1699 407 1763; x_wconf 86' lang='lat' dir='ltr'><strong>Et</strong></span> <span class='ocrx_word' id='word_1_47' title='bbox 427 1702 634 1781; x_wconf 90' lang='lat' dir='ltr'><strong>impinguaret</strong></span> <span class='ocrx_word' id='word_1_48' title='bbox 661 1705 810 1783; x_wconf 86' lang='lat' dir='ltr'><strong>cophino.</strong></span> 
     </span>
    </p>

    <p class='ocr_par' dir='ltr' id='par_1_6' title="bbox 270 1806 784 1997">
     <span class='ocr_line' id='line_1_14' title="bbox 270 1806 784 1886; baseline 0.002 -17"><span class='ocrx_word' id='word_1_49' title='bbox 270 1811 322 1869; x_wconf 78' lang='lat'><strong>41.</strong></span> <span class='ocrx_word' id='word_1_50' title='bbox 364 1807 458 1869; x_wconf 87' lang='lat' dir='ltr'><strong>Unde</strong></span> <span class='ocrx_word' id='word_1_51' title='bbox 480 1828 538 1886; x_wconf 90' lang='lat' dir='ltr'><strong>per</strong></span> <span class='ocrx_word' id='word_1_52' title='bbox 556 1806 624 1868; x_wconf 86' lang='lat' dir='ltr'><strong>fimi</strong></span> <span class='ocrx_word' id='word_1_53' title='bbox 643 1821 784 1872; x_wconf 74' lang='lat' dir='ltr'><strong>stercora</strong></span> 
     </span>
     <span class='ocr_line' id='line_1_15' title="bbox 361 1903 736 1997; baseline 0 -19"><span class='ocrx_word' id='word_1_54' title='bbox 361 1903 509 1996; x_wconf 83' lang='lat' dir='ltr'><strong>Signatur</strong></span> <span class='ocrx_word' id='word_1_55' title='bbox 531 1916 736 1997; x_wconf 73' lang='lat' dir='ltr'><strong>poenitentia,</strong></span> 
     </span>
    </p>

    <p class='ocr_par' dir='ltr' id='par_1_7' title="bbox 362 2024 815 2217">
     <span class='ocr_line' id='line_1_16' title="bbox 362 2024 815 2111; baseline 0 -22"><span class='ocrx_word' id='word_1_56' title='bbox 362 2024 486 2102; x_wconf 87' lang='lat' dir='ltr'><strong>Quibus</strong></span> <span class='ocrx_word' id='word_1_57' title='bbox 507 2038 652 2108; x_wconf 87' lang='lat' dir='ltr'><strong>peccator</strong></span> <span class='ocrx_word' id='word_1_58' title='bbox 675 2028 815 2111; x_wconf 29' lang='lat' dir='ltr'><strong>sterilis,</strong></span> 
     </span>
     <span class='ocr_line' id='line_1_17' title="bbox 362 2133 758 2217; baseline 0 -21"><span class='ocrx_word' id='word_1_59' title='bbox 362 2133 436 2196; x_wconf 87' lang='lat' dir='ltr'><strong>Sese</strong></span> <span class='ocrx_word' id='word_1_60' title='bbox 458 2136 577 2195; x_wconf 84' lang='lat' dir='ltr'><strong>foetere</strong></span> <span class='ocrx_word' id='word_1_61' title='bbox 599 2135 758 2217; x_wconf 77' lang='lat' dir='ltr'><strong>conspicit.</strong></span> 
     </span>
    </p>

    <p class='ocr_par' dir='ltr' id='par_1_8' title="bbox 267 2241 928 2629">
     <span class='ocr_line' id='line_1_18' title="bbox 267 2241 928 2324; baseline 0.002 -21"><span class='ocrx_word' id='word_1_62' title='bbox 267 2245 320 2305; x_wconf 78' lang='lat'><strong>42.</strong></span> <span class='ocrx_word' id='word_1_63' title='bbox 361 2241 443 2304; x_wconf 87' lang='lat' dir='ltr'><strong>Nam</strong></span> <span class='ocrx_word' id='word_1_64' title='bbox 467 2263 582 2324; x_wconf 84' lang='lat' dir='ltr'><strong>pravus</strong></span> <span class='ocrx_word' id='word_1_65' title='bbox 605 2243 695 2324; x_wconf 86' lang='lat' dir='ltr'><strong>quis,</strong></span> <span class='ocrx_word' id='word_1_66' title='bbox 717 2264 787 2304; x_wconf 91' lang='lat' dir='ltr'><strong>cttm</strong></span> <span class='ocrx_word' id='word_1_67' title='bbox 809 2243 928 2324; x_wconf 88' lang='lat' dir='ltr'><strong>resipit,</strong></span> 
     </span>
     <span class='ocr_line' id='line_1_19' title="bbox 360 2350 792 2430; baseline -0.002 -19"><span class='ocrx_word' id='word_1_68' title='bbox 360 2351 445 2411; x_wconf 88' lang='lat' dir='ltr'><strong>Mala</strong></span> <span class='ocrx_word' id='word_1_69' title='bbox 468 2370 549 2430; x_wconf 87' lang='lat' dir='ltr'><strong>quae</strong></span> <span class='ocrx_word' id='word_1_70' title='bbox 571 2350 644 2412; x_wconf 87' lang='lat' dir='ltr'><strong>iecit</strong></span> <span class='ocrx_word' id='word_1_71' title='bbox 673 2350 792 2429; x_wconf 79' lang='lat' dir='ltr'><strong>aspicit,</strong></span> 
     </span>
     <span class='ocr_line' id='line_1_20' title="bbox 361 2458 805 2539; baseline -0.007 -19"><span class='ocrx_word' id='word_1_72' title='bbox 361 2459 464 2539; x_wconf 80' lang='lat' dir='ltr'><strong>Atque</strong></span> <span class='ocrx_word' id='word_1_73' title='bbox 487 2458 658 2538; x_wconf 83' lang='lat' dir='ltr'><strong>pinguescit</strong></span> <span class='ocrx_word' id='word_1_74' title='bbox 679 2459 805 2518; x_wconf 84' lang='lat' dir='ltr'><strong>fletibus</strong></span> 
     </span>
     <span class='ocr_line' id='line_1_21' title="bbox 360 2566 813 2629; baseline -0.002 0"><span class='ocrx_word' id='word_1_75' title='bbox 360 2569 411 2629; x_wconf 88' lang='lat' dir='ltr'><strong>Ab</strong></span> <span class='ocrx_word' id='word_1_76' title='bbox 439 2568 591 2628; x_wconf 87' lang='lat' dir='ltr'><strong>scelerum</strong></span> <span class='ocrx_word' id='word_1_77' title='bbox 612 2566 813 2629; x_wconf 89' lang='lat' dir='ltr'><strong>stercoribus.</strong></span> 
     </span>
    </p>

    <p class='ocr_par' dir='ltr' id='par_1_9' title="bbox 263 2678 873 3082">
     <span class='ocr_line' id='line_1_22' title="bbox 263 2678 859 2759; baseline -0.01 -15"><span class='ocrx_word' id='word_1_78' title='bbox 263 2684 316 2744; x_wconf 81' lang='lat' dir='ltr'><strong>ts.</strong></span> <span class='ocrx_word' id='word_1_79' title='bbox 358 2679 506 2758; x_wconf 80' lang='lat' dir='ltr'><strong>Desuper</strong></span> <span class='ocrx_word' id='word_1_80' title='bbox 529 2698 666 2759; x_wconf 89' lang='lat' dir='ltr'><strong>quorum</strong></span> <span class='ocrx_word' id='word_1_81' title='bbox 696 2678 859 2738; x_wconf 82' lang='lat' dir='ltr'><strong>cumulum</strong></span> 
     </span>
     <span class='ocr_line' id='line_1_23' title="bbox 363 2785 873 2866; baseline -0.002 -17"><span class='ocrx_word' id='word_1_82' title='bbox 363 2785 565 2866; x_wconf 88' lang='lat' dir='ltr'><strong>Componens</strong></span> <span class='ocrx_word' id='word_1_83' title='bbox 586 2796 717 2847; x_wconf 86' lang='lat' dir='ltr'><strong>stratum</strong></span> <span class='ocrx_word' id='word_1_84' title='bbox 738 2785 873 2848; x_wconf 88' lang='lat' dir='ltr'><strong>solidum</strong></span> 
     </span>
     <span class='ocr_line' id='line_1_24' title="bbox 355 2895 837 2976; baseline 0.004 -20"><span class='ocrx_word' id='word_1_85' title='bbox 355 2896 422 2957; x_wconf 90' lang='lat' dir='ltr'><strong>Jam</strong></span> <span class='ocrx_word' id='word_1_86' title='bbox 444 2896 579 2975; x_wconf 85' lang='lat' dir='ltr'><strong>priscam</strong></span> <span class='ocrx_word' id='word_1_87' title='bbox 603 2895 698 2956; x_wconf 88' lang='lat' dir='ltr'><strong>vitam</strong></span> <span class='ocrx_word' id='word_1_88' title='bbox 722 2896 837 2976; x_wconf 85' lang='lat' dir='ltr'><strong>subigit</strong></span> 
     </span>
     <span class='ocr_line' id='line_1_25' title="bbox 353 3004 732 3082; baseline 0 -15"><span class='ocrx_word' id='word_1_89' title='bbox 353 3006 394 3067; x_wconf 88' lang='lat' dir='ltr'><strong>Et</strong></span> <span class='ocrx_word' id='word_1_90' title='bbox 415 3004 506 3067; x_wconf 88' lang='lat' dir='ltr'><strong>altius</strong></span> <span class='ocrx_word' id='word_1_91' title='bbox 527 3025 560 3065; x_wconf 87' lang='lat' dir='ltr'><strong>se</strong></span> <span class='ocrx_word' id='word_1_92' title='bbox 589 3005 732 3082; x_wconf 79' lang='lat' dir='ltr'><strong>subrigit.</strong></span> 
     </span>
    </p>

    <p class='ocr_par' dir='ltr' id='par_1_10' title="bbox 262 3113 847 3525">
     <span class='ocr_line' id='line_1_26' title="bbox 262 3113 743 3197; baseline -0.017 -15"><span class='ocrx_word' id='word_1_93' title='bbox 262 3118 314 3182; x_wconf 85' lang='grc'><strong>44.</strong></span> <span class='ocrx_word' id='word_1_94' title='bbox 356 3115 397 3178; x_wconf 89' lang='lat' dir='ltr'><strong>Et</strong></span> <span class='ocrx_word' id='word_1_95' title='bbox 417 3115 492 3197; x_wconf 89' lang='lat' dir='ltr'><strong>quia</strong></span> <span class='ocrx_word' id='word_1_96' title='bbox 517 3113 611 3176; x_wconf 87' lang='lat' dir='ltr'><strong>corde</strong></span> <span class='ocrx_word' id='word_1_97' title='bbox 639 3115 743 3175; x_wconf 89' lang='lat' dir='ltr'><strong>lacero</strong></span> 
     </span>
     <span class='ocr_line' id='line_1_27' title="bbox 350 3223 745 3293; baseline -0.008 -8"><span class='ocrx_word' id='word_1_98' title='bbox 350 3224 522 3289; x_wconf 77' lang='lat' dir='ltr'><strong>Praecessit</strong></span> <span class='ocrx_word' id='word_1_99' title='bbox 552 3223 745 3293; x_wconf 77' lang='lat' dir='ltr'><strong>lamentatio,</strong></span> 
     </span>
     <span class='ocr_line' id='line_1_28' title="bbox 357 3329 847 3410; baseline -0.008 -16"><span class='ocrx_word' id='word_1_100' title='bbox 357 3333 488 3407; x_wconf 88' lang='lat' dir='ltr'><strong>Jamjam</strong></span> <span class='ocrx_word' id='word_1_101' title='bbox 509 3329 631 3410; x_wconf 90' lang='lat' dir='ltr'><strong>plaudit</strong></span> <span class='ocrx_word' id='word_1_102' title='bbox 653 3331 687 3392; x_wconf 90' lang='lat' dir='ltr'><strong>in</strong></span> <span class='ocrx_word' id='word_1_103' title='bbox 709 3331 847 3393; x_wconf 89' lang='lat' dir='ltr'><strong>carmine</strong></span> 
     </span>
     <span class='ocr_line' id='line_1_29' title="bbox 351 3439 702 3525; baseline 0.006 -23"><span class='ocrx_word' id='word_1_104' title='bbox 351 3439 557 3503; x_wconf 86' lang='lat' dir='ltr'><strong>Hiezeehielis</strong></span> <span class='ocrx_word' id='word_1_105' title='bbox 580 3439 702 3525; x_wconf 82' lang='lat' dir='ltr'><strong>ordine.</strong></span> 
     </span>
    </p>

    <p class='ocr_par' dir='ltr' id='par_1_11' title="bbox 257 3546 895 3738">
     <span class='ocr_line' id='line_1_30' title="bbox 257 3546 895 3629; baseline 0.002 -21"><span class='ocrx_word' id='word_1_106' title='bbox 257 3556 313 3616; x_wconf 75' lang='grc'><strong>45.</strong></span> <span class='ocrx_word' id='word_1_107' title='bbox 357 3546 460 3624; x_wconf 86' lang='lat' dir='ltr'><strong>Quam</strong></span> <span class='ocrx_word' id='word_1_108' title='bbox 482 3550 525 3608; x_wconf 90' lang='lat' dir='ltr'><strong>ob</strong></span> <span class='ocrx_word' id='word_1_109' title='bbox 547 3568 615 3608; x_wconf 88' lang='lat' dir='ltr'><strong>rem</strong></span> <span class='ocrx_word' id='word_1_110' title='bbox 634 3570 702 3611; x_wconf 91' lang='lat' dir='ltr'><strong>non</strong></span> <span class='ocrx_word' id='word_1_111' title='bbox 722 3551 895 3629; x_wconf 90' lang='lat' dir='ltr'><strong>incongrue</strong></span> 
     </span>
     <span class='ocr_line' id='line_1_31' title="bbox 352 3655 716 3738; baseline -0.005 -18"><span class='ocrx_word' id='word_1_112' title='bbox 352 3655 540 3720; x_wconf 87' lang='lat' dir='ltr'><strong>Notavimus</strong></span> <span class='ocrx_word' id='word_1_113' title='bbox 560 3655 593 3716; x_wconf 93' lang='lat' dir='ltr'><strong>in</strong></span> <span class='ocrx_word' id='word_1_114' title='bbox 617 3656 716 3738; x_wconf 88' lang='lat' dir='ltr'><strong>capite</strong></span> 
     </span>
    </p>

    <p class='ocr_par' dir='ltr' id='par_1_12' title="bbox 268 3755 857 3958">
     <span class='ocr_line' id='line_1_32' title="bbox 268 3755 857 3848; baseline -0.008 -16"><span class='ocrx_word' id='word_1_115' title='bbox 268 3755 272 3761; x_wconf 41' lang='lat'>¹</span> <span class='ocrx_word' id='word_1_116' title='bbox 350 3768 491 3832; x_wconf 83' lang='lat' dir='ltr'><strong>Stantem</strong></span> <span class='ocrx_word' id='word_1_117' title='bbox 512 3767 628 3848; x_wconf 88' lang='lat' dir='ltr'><strong>gallum</strong></span> <span class='ocrx_word' id='word_1_118' title='bbox 657 3766 691 3829; x_wconf 93' lang='lat' dir='ltr'><strong>in</strong></span> <span class='ocrx_word' id='word_1_119' title='bbox 721 3779 857 3832; x_wconf 88' lang='lat' dir='ltr'><strong>stercora</strong></span> 
     </span>
     <span class='ocr_line' id='line_1_33' title="bbox 352 3877 748 3958; baseline 0.003 -19"><span class='ocrx_word' id='word_1_120' title='bbox 352 3878 418 3940; x_wconf 83' lang='lat' dir='ltr'><strong>Alis</strong></span> <span class='ocrx_word' id='word_1_121' title='bbox 444 3877 598 3958; x_wconf 87' lang='lat' dir='ltr'><strong>percussis</strong></span> <span class='ocrx_word' id='word_1_122' title='bbox 625 3899 748 3940; x_wconf 90' lang='lat' dir='ltr'><strong>canere.</strong></span> 
     </span>
    </p>
   </div>
   <div class='ocr_carea' id='block_1_3' title="bbox 121 4026 399 4043">
    <p class='ocr_par' dir='ltr' id='par_1_13' title="bbox 121 4026 399 4043">
     <span class='ocr_line' id='line_1_34' title="bbox 121 4026 399 4043; baseline -0.007 0"><span class='ocrx_word' id='word_1_123' title='bbox 121 4026 399 4043; x_wconf 55' lang='grc' dir='ltr'><em>Μ</em></span> 
     </span>
    </p>
   </div>
   <div class='ocr_carea' id='block_1_4' title="bbox 190 4097 893 4171">
    <p class='ocr_par' dir='ltr' id='par_1_14' title="bbox 190 4097 893 4171">
     <span class='ocr_line' id='line_1_35' title="bbox 190 4097 893 4171; baseline -0.018 -19"><span class='ocrx_word' id='word_1_124' title='bbox 190 4099 235 4161; x_wconf 84' lang='lat' dir='ltr'><strong>tt,</strong></span> <span class='ocrx_word' id='word_1_125' title='bbox 252 4099 270 4150; x_wconf 79' lang='lat'>4</span> <span class='ocrx_word' id='word_1_126' title='bbox 287 4113 346 4151; x_wconf 84' lang='lat' dir='ltr'><strong>sese</strong></span> <span class='ocrx_word' id='word_1_127' title='bbox 363 4099 446 4171; x_wconf 71' lang='lat' dir='ltr'><strong>ietops</strong></span> <span class='ocrx_word' id='word_1_128' title='bbox 524 4100 567 4160; x_wconf 81' lang='lat' dir='ltr'><strong>ta,</strong></span> <span class='ocrx_word' id='word_1_129' title='bbox 584 4097 602 4147; x_wconf 80' lang='lat' dir='ltr'><strong>t</strong></span> <span class='ocrx_word' id='word_1_130' title='bbox 619 4104 770 4161; x_wconf 84' lang='lat' dir='ltr'><strong>percussum</strong></span> <span class='ocrx_word' id='word_1_131' title='bbox 886 4102 893 4115; x_wconf 90' lang='lat'><strong>·</strong></span> 
     </span>
    </p>
   </div>
   <div class='ocr_carea' id='block_1_5' title="bbox 0 0 1324 4650">
    <p class='ocr_par' dir='ltr' id='par_1_15' title="bbox 0 0 1324 4650">
     <span class='ocr_line' id='line_1_36' title="bbox 0 0 1324 4650; baseline 0 0"><span class='ocrx_word' id='word_1_132' title='bbox 0 0 1324 4650; x_wconf 95' lang='lat' dir='ltr'><strong> </strong></span> 
     </span>
    </p>
   </div>
  </div>
 </body>
</html>
