<?xml version="1.0" encoding="UTF-8"?>
<!DOCTYPE html PUBLIC "-//W3C//DTD XHTML 1.0 Transitional//EN"
    "http://www.w3.org/TR/xhtml1/DTD/xhtml1-transitional.dtd">
<html xmlns="http://www.w3.org/1999/xhtml" xml:lang="en" lang="en">
 <head>
  <title>
</title>
<meta http-equiv="Content-Type" content="text/html;charset=utf-8" />
  <meta name='ocr-system' content='tesseract 3.04.00' />
  <meta name='ocr-capabilities' content='ocr_page ocr_carea ocr_par ocr_line ocrx_word'/>
</head>
<body>
  <div class='ocr_page' id='page_1' title='image "./lateinischegedi00schmgoog/lateinischegedi00schmgoog_0102.png"; bbox 0 0 2640 4650; ppageno 0'>
   <div class='ocr_carea' id='block_1_1' title="bbox 166 269 865 362">
    <p class='ocr_par' dir='ltr' id='par_1_1' title="bbox 166 269 865 362">
     <span class='ocr_line' id='line_1_1' title="bbox 166 269 865 362; baseline -0.009 -22"><span class='ocrx_word' id='word_1_1' title='bbox 166 275 209 340; x_wconf 79' lang='lat'>42</span> <span class='ocrx_word' id='word_1_2' title='bbox 488 269 865 362; x_wconf 70' lang='lat' dir='ltr'>unuquisque.</span> 
     </span>
    </p>
   </div>
   <div class='ocr_carea' id='block_1_2' title="bbox 165 499 1252 3339">
    <p class='ocr_par' dir='ltr' id='par_1_2' title="bbox 165 499 1252 3339">
     <span class='ocr_line' id='line_1_2' title="bbox 295 499 1081 583; baseline 0.004 -21"><span class='ocrx_word' id='word_1_3' title='bbox 295 503 363 563; x_wconf 88' lang='lat' dir='ltr'>Jam</span> <span class='ocrx_word' id='word_1_4' title='bbox 386 503 501 562; x_wconf 86' lang='lat' dir='ltr'>faceret</span> <span class='ocrx_word' id='word_1_5' title='bbox 521 501 630 564; x_wconf 88' lang='lat' dir='ltr'>sollers</span> <span class='ocrx_word' id='word_1_6' title='bbox 652 514 761 581; x_wconf 83' lang='lat' dir='ltr'>arguta</span> <span class='ocrx_word' id='word_1_7' title='bbox 780 499 927 580; x_wconf 83' lang='lat' dir='ltr'>indagine</span> <span class='ocrx_word' id='word_1_8' title='bbox 949 501 1081 583; x_wconf 86' lang='lat' dir='ltr'>quaerit.</span> 
     </span>
     <span class='ocr_line' id='line_1_3' title="bbox 169 608 1135 691; baseline 0 -20"><span class='ocrx_word' id='word_1_9' title='bbox 169 610 251 671; x_wconf 83' lang='grc'>1140</span> <span class='ocrx_word' id='word_1_10' title='bbox 295 609 388 672; x_wconf 86' lang='lat' dir='ltr'>Solus</span> <span class='ocrx_word' id='word_1_11' title='bbox 410 612 494 670; x_wconf 90' lang='lat' dir='ltr'>enim</span> <span class='ocrx_word' id='word_1_12' title='bbox 517 611 647 689; x_wconf 85' lang='lat' dir='ltr'>Hagano</span> <span class='ocrx_word' id='word_1_13' title='bbox 672 613 775 672; x_wconf 84' lang='lat' dir='ltr'>fuerat</span> <span class='ocrx_word' id='word_1_14' title='bbox 796 624 974 691; x_wconf 83' lang='lat' dir='ltr'>suspectus,</span> <span class='ocrx_word' id='word_1_15' title='bbox 1004 625 1034 672; x_wconf 87' lang='lat' dir='ltr'>et</span> <span class='ocrx_word' id='word_1_16' title='bbox 1056 608 1135 672; x_wconf 92' lang='lat' dir='ltr'>illud</span> 
     </span>
     <span class='ocr_line' id='line_1_4' title="bbox 295 717 1051 799; baseline -0.003 -16"><span class='ocrx_word' id='word_1_17' title='bbox 295 717 446 783; x_wconf 85' lang='lat' dir='ltr'>Oscilluur</span> <span class='ocrx_word' id='word_1_18' title='bbox 468 720 548 799; x_wconf 86' lang='lat' dir='ltr'>regis</span> <span class='ocrx_word' id='word_1_19' title='bbox 571 722 679 780; x_wconf 81' lang='lat' dir='ltr'><strong>subter</strong></span> <span class='ocrx_word' id='word_1_20' title='bbox 700 720 915 799; x_wconf 83' lang='lat' dir='ltr'>complexibus</span> <span class='ocrx_word' id='word_1_21' title='bbox 939 732 1051 781; x_wconf 89' lang='lat' dir='ltr'>actum.</span> 
     </span>
     <span class='ocr_line' id='line_1_5' title="bbox 275 823 1103 910; baseline -0.002 -20"><span class='ocrx_word' id='word_1_22' title='bbox 275 823 473 908; x_wconf 71' lang='lat' dir='ltr'>&#39;Autbigerat</span> <span class='ocrx_word' id='word_1_23' title='bbox 492 849 640 910; x_wconf 89' lang='lat' dir='ltr'>prorsus,</span> <span class='ocrx_word' id='word_1_24' title='bbox 669 848 750 910; x_wconf 89' lang='lat' dir='ltr'>quae</span> <span class='ocrx_word' id='word_1_25' title='bbox 772 828 811 889; x_wconf 86' lang='lat' dir='ltr'>sit</span> <span class='ocrx_word' id='word_1_26' title='bbox 833 829 985 888; x_wconf 88' lang='lat' dir='ltr'>sententia</span> <span class='ocrx_word' id='word_1_27' title='bbox 1005 827 1103 889; x_wconf 89' lang='lat' dir='ltr'>menti</span> 
     </span>
     <span class='ocr_line' id='line_1_6' title="bbox 293 938 1145 1018; baseline 0.002 -20"><span class='ocrx_word' id='word_1_28' title='bbox 293 939 415 1015; x_wconf 89' lang='lat' dir='ltr'>Hostis,</span> <span class='ocrx_word' id='word_1_29' title='bbox 443 951 474 999; x_wconf 90' lang='lat' dir='ltr'>et</span> <span class='ocrx_word' id='word_1_30' title='bbox 496 959 535 999; x_wconf 91' lang='lat' dir='ltr'>an</span> <span class='ocrx_word' id='word_1_31' title='bbox 556 940 673 998; x_wconf 87' lang='lat' dir='ltr'>urbeni&#39;</span> <span class='ocrx_word' id='word_1_32' title='bbox 692 939 810 998; x_wconf 85' lang='lat' dir='ltr'>vellent</span> <span class='ocrx_word' id='word_1_33' title='bbox 830 958 968 998; x_wconf 85' lang='lat' dir='ltr'>remeare</span> <span class='ocrx_word' id='word_1_34' title='bbox 990 938 1145 1018; x_wconf 85' lang='lat' dir='ltr'>relictam,</span> 
     </span>
     <span class='ocr_line' id='line_1_7' title="bbox 224 1037 1073 1127; baseline -0.002 -17"><span class='ocrx_word' id='word_1_35' title='bbox 224 1096 228 1100; x_wconf 79' lang='lat'><em>-</em></span> <span class='ocrx_word' id='word_1_36' title='bbox 291 1049 438 1110; x_wconf 86' lang='lat' dir='ltr'><strong>Pluribus</strong></span> <span class='ocrx_word' id='word_1_37' title='bbox 463 1059 499 1107; x_wconf 93' lang='lat' dir='ltr'>ut</span> <span class='ocrx_word' id='word_1_38' title='bbox 517 1048 608 1108; x_wconf 85' lang='lat' dir='ltr'>sociis</span> <span class='ocrx_word' id='word_1_39' title='bbox 632 1037 833 1127; x_wconf 74' lang='lat' dir='ltr'>pernoctem</span> <span class='ocrx_word' id='word_1_40' title='bbox 856 1048 937 1108; x_wconf 83' lang='lat' dir='ltr'>iorte</span> <span class='ocrx_word' id='word_1_41' title='bbox 959 1048 1073 1108; x_wconf 80' lang='lat' dir='ltr'><strong>coactis</strong></span> 
     </span>
     <span class='ocr_line' id='line_1_8' title="bbox 166 1135 1233 1236; baseline 0.001 -17"><span class='ocrx_word' id='word_1_42' title='bbox 166 1159 247 1220; x_wconf 84' lang='lat'>1145</span> <span class='ocrx_word' id='word_1_43' title='bbox 290 1158 398 1218; x_wconf 89' lang='lat' dir='ltr'>Primo</span> <span class='ocrx_word' id='word_1_44' title='bbox 421 1178 511 1217; x_wconf 88' lang='lat' dir='ltr'>mane</span> <span class='ocrx_word' id='word_1_45' title='bbox 532 1169 644 1236; x_wconf 87' lang='lat' dir='ltr'>parent</span> <span class='ocrx_word' id='word_1_46' title='bbox 666 1156 781 1218; x_wconf 88' lang='lat' dir='ltr'>bellum</span> <span class='ocrx_word' id='word_1_47' title='bbox 803 1178 957 1220; x_wconf 85' lang='lat' dir='ltr'>renovare</span> <span class='ocrx_word' id='word_1_48' title='bbox 979 1155 1172 1220; x_wconf 79' lang='lat' dir='ltr'>nefandum?</span> <span class='ocrx_word' id='word_1_49' title='bbox 1227 1135 1233 1140; x_wconf 32' lang='lat'>·</span> 
     </span>
     <span class='ocr_line' id='line_1_9' title="bbox 291 1265 1109 1347; baseline 0 -19"><span class='ocrx_word' id='word_1_50' title='bbox 291 1269 343 1328; x_wconf 85' lang='lat' dir='ltr'>An</span> <span class='ocrx_word' id='word_1_51' title='bbox 364 1268 424 1327; x_wconf 91' lang='lat' dir='ltr'>soli</span> <span class='ocrx_word' id='word_1_52' title='bbox 444 1265 572 1327; x_wconf 87' lang='lat' dir='ltr'>insidias</span> <span class='ocrx_word' id='word_1_53' title='bbox 593 1267 732 1326; x_wconf 86' lang='lat' dir='ltr'>facerent</span> <span class='ocrx_word' id='word_1_54' title='bbox 752 1267 947 1347; x_wconf 91' lang='lat' dir='ltr'>propiusque</span> <span class='ocrx_word' id='word_1_55' title='bbox 967 1268 1109 1329; x_wconf 86' lang='lat' dir='ltr'>laterent.</span> 
     </span>
     <span class='ocr_line' id='line_1_10' title="bbox 292 1376 1062 1454; baseline -0.001 -15"><span class='ocrx_word' id='word_1_56' title='bbox 292 1379 405 1439; x_wconf 86' lang='lat' dir='ltr'>Terret</span> <span class='ocrx_word' id='word_1_57' title='bbox 425 1376 463 1437; x_wconf 92' lang='lat' dir='ltr'>ad</span> <span class='ocrx_word' id='word_1_58' title='bbox 487 1377 562 1436; x_wconf 88' lang='lat' dir='ltr'>hacc</span> <span class='ocrx_word' id='word_1_59' title='bbox 585 1377 684 1437; x_wconf 79' lang='lat' dir='ltr'>triviis</span> <span class='ocrx_word' id='word_1_60' title='bbox 705 1377 804 1454; x_wconf 86' lang='lat' dir='ltr'>ignoti</span> <span class='ocrx_word' id='word_1_61' title='bbox 825 1376 902 1437; x_wconf 87' lang='lat' dir='ltr'>silva</span> <span class='ocrx_word' id='word_1_62' title='bbox 923 1390 1062 1454; x_wconf 87' lang='lat' dir='ltr'>meatus,</span> 
     </span>
     <span class='ocr_line' id='line_1_11' title="bbox 241 1486 1063 1568; baseline -0.002 -19"><span class='ocrx_word' id='word_1_63' title='bbox 241 1486 245 1494; x_wconf 86' lang='grc'><strong>’</strong></span> <span class='ocrx_word' id='word_1_64' title='bbox 291 1486 341 1549; x_wconf 90' lang='lat' dir='ltr'>Ne</span> <span class='ocrx_word' id='word_1_65' title='bbox 365 1488 434 1549; x_wconf 90' lang='lat' dir='ltr'>loca</span> <span class='ocrx_word' id='word_1_66' title='bbox 460 1486 599 1548; x_wconf 77' lang='lat' dir='ltr'>fortassis</span> <span class='ocrx_word' id='word_1_67' title='bbox 623 1487 795 1547; x_wconf 82' lang='lat' dir='ltr'><strong>incurreret</strong></span> <span class='ocrx_word' id='word_1_68' title='bbox 817 1506 927 1567; x_wconf 86' lang='lat' dir='ltr'>aspere</span> <span class='ocrx_word' id='word_1_69' title='bbox 949 1487 1063 1568; x_wconf 86' lang='lat' dir='ltr'>spinis,</span> 
     </span>
     <span class='ocr_line' id='line_1_12' title="bbox 290 1594 1131 1678; baseline -0.002 -22"><span class='ocrx_word' id='word_1_70' title='bbox 290 1595 391 1658; x_wconf 89' lang='lat' dir='ltr'>Immo</span> <span class='ocrx_word' id='word_1_71' title='bbox 414 1596 531 1678; x_wconf 85' lang='lat' dir='ltr'>quippe</span> <span class='ocrx_word' id='word_1_72' title='bbox 556 1596 629 1657; x_wconf 83' lang='lat' dir='ltr'>ieris</span> <span class='ocrx_word' id='word_1_73' title='bbox 651 1614 861 1678; x_wconf 90' lang='lat' dir='ltr'>sponsamque</span> <span class='ocrx_word' id='word_1_74' title='bbox 883 1597 1038 1658; x_wconf 89' lang='lat' dir='ltr'>amitteret</span> <span class='ocrx_word' id='word_1_75' title='bbox 1060 1594 1131 1658; x_wconf 88' lang='lat' dir='ltr'>illis.</span> 
     </span>
     <span class='ocr_line' id='line_1_13' title="bbox 166 1681 976 1791; baseline -0.005 -16"><span class='ocrx_word' id='word_1_76' title='bbox 166 1681 330 1775; x_wconf 78' lang='lat' dir='ltr'>ttsoHis</span> <span class='ocrx_word' id='word_1_77' title='bbox 352 1709 396 1768; x_wconf 87' lang='lat' dir='ltr'>ita</span> <span class='ocrx_word' id='word_1_78' title='bbox 417 1708 552 1791; x_wconf 88' lang='lat' dir='ltr'>provisis</span> <span class='ocrx_word' id='word_1_79' title='bbox 574 1710 808 1791; x_wconf 80' lang='lat' dir='ltr'>exploratisque</span> <span class='ocrx_word' id='word_1_80' title='bbox 829 1710 976 1790; x_wconf 86' lang='lat' dir='ltr'>profatur</span> 
     </span>
     <span class='ocr_line' id='line_1_14' title="bbox 229 1821 1252 1910; baseline 0.003 -29"><span class='ocrx_word' id='word_1_81' title='bbox 229 1890 233 1897; x_wconf 16' lang='grc' dir='ltr'><em>Α</em></span> <span class='ocrx_word' id='word_1_82' title='bbox 291 1821 356 1882; x_wconf 86' lang='lat' dir='ltr'>‘Eu</span> <span class='ocrx_word' id='word_1_83' title='bbox 377 1843 568 1905; x_wconf 89' lang='lat' dir='ltr'>quocunque</span> <span class='ocrx_word' id='word_1_84' title='bbox 589 1821 684 1886; x_wconf 89' lang='lat' dir='ltr'>modo</span> <span class='ocrx_word' id='word_1_85' title='bbox 701 1844 757 1884; x_wconf 87' lang='lat' dir='ltr'>res</span> <span class='ocrx_word' id='word_1_86' title='bbox 778 1835 910 1903; x_wconf 84' lang='lat' dir='ltr'>pergant</span> <span class='ocrx_word' id='word_1_87' title='bbox 928 1823 1169 1901; x_wconf 79' lang='lat' dir='ltr'>hicrecubabo,</span> <span class='ocrx_word' id='word_1_88' title='bbox 1249 1906 1252 1910; x_wconf 17' lang='grc' dir='ltr'>Ι</span> 
     </span>
     <span class='ocr_line' id='line_1_15' title="bbox 292 1928 1144 2014; baseline 0.006 -25"><span class='ocrx_word' id='word_1_89' title='bbox 292 1928 412 1990; x_wconf 87' lang='lat' dir='ltr'>Donec&#39;</span> <span class='ocrx_word' id='word_1_90' title='bbox 425 1931 577 1993; x_wconf 85' lang='lat' dir='ltr'>circuiens</span> <span class='ocrx_word' id='word_1_91' title='bbox 599 1934 706 1993; x_wconf 89' lang='lat' dir='ltr'>lumen</span> <span class='ocrx_word' id='word_1_92' title='bbox 732 1934 846 2014; x_wconf 84' lang='lat' dir='ltr'>sphera</span> <span class='ocrx_word' id='word_1_93' title='bbox 867 1930 978 1993; x_wconf 88' lang='lat' dir='ltr'>reddat</span> <span class='ocrx_word' id='word_1_94' title='bbox 998 1942 1144 1994; x_wconf 87' lang='lat' dir='ltr'>amatum.</span> 
     </span>
     <span class='ocr_line' id='line_1_16' title="bbox 292 2039 1015 2124; baseline 0.001 -23"><span class='ocrx_word' id='word_1_95' title='bbox 292 2039 341 2101; x_wconf 90' lang='lat' dir='ltr'>Ne</span> <span class='ocrx_word' id='word_1_96' title='bbox 363 2041 481 2120; x_wconf 85' lang='lat' dir='ltr'>patriae</span> <span class='ocrx_word' id='word_1_97' title='bbox 503 2042 580 2104; x_wconf 83' lang='lat' dir='ltr'>fines</span> <span class='ocrx_word' id='word_1_98' title='bbox 602 2041 683 2103; x_wconf 89' lang='lat' dir='ltr'>dicat</span> <span class='ocrx_word' id='word_1_99' title='bbox 707 2063 765 2104; x_wconf 89' lang='lat' dir='ltr'>rex</span> <span class='ocrx_word' id='word_1_100' title='bbox 786 2044 838 2102; x_wconf 89' lang='lat' dir='ltr'>ille</span> <span class='ocrx_word' id='word_1_101' title='bbox 860 2043 1015 2124; x_wconf 87' lang='lat' dir='ltr'>superbus</span> 
     </span>
     <span class='ocr_line' id='line_1_17' title="bbox 293 2149 1094 2234; baseline 0.002 -25"><span class='ocrx_word' id='word_1_102' title='bbox 293 2149 435 2212; x_wconf 84' lang='lat' dir='ltr'>Evasisse</span> <span class='ocrx_word' id='word_1_103' title='bbox 458 2153 546 2231; x_wconf 83' lang='lat' dir='ltr'>iuga,</span> <span class='ocrx_word' id='word_1_104' title='bbox 576 2153 655 2215; x_wconf 88' lang='lat' dir='ltr'>furis</span> <span class='ocrx_word' id='word_1_105' title='bbox 677 2150 715 2212; x_wconf 91' lang='lat' dir='ltr'>de</span> <span class='ocrx_word' id='word_1_106' title='bbox 737 2173 841 2227; x_wconf 89' lang='lat' dir='ltr'>more,</span> <span class='ocrx_word' id='word_1_107' title='bbox 868 2172 924 2234; x_wconf 88' lang='lat' dir='ltr'>per</span> <span class='ocrx_word' id='word_1_108' title='bbox 946 2150 1094 2211; x_wconf 88' lang='lat' dir='ltr'>umbras.’</span> 
     </span>
     <span class='ocr_line' id='line_1_18' title="bbox 165 2261 1111 2343; baseline -0.001 -22"><span class='ocrx_word' id='word_1_109' title='bbox 165 2265 248 2323; x_wconf 84' lang='lat'>1155</span> <span class='ocrx_word' id='word_1_110' title='bbox 291 2261 396 2337; x_wconf 87' lang='lat' dir='ltr'>Dixit,</span> <span class='ocrx_word' id='word_1_111' title='bbox 426 2274 456 2322; x_wconf 87' lang='lat' dir='ltr'>et</span> <span class='ocrx_word' id='word_1_112' title='bbox 478 2283 546 2324; x_wconf 90' lang='lat' dir='ltr'>ecce</span> <span class='ocrx_word' id='word_1_113' title='bbox 570 2264 651 2325; x_wconf 85' lang='lat' dir='ltr'>viam</span> <span class='ocrx_word' id='word_1_114' title='bbox 675 2262 758 2325; x_wconf 82' lang='lat' dir='ltr'>valio</span> <span class='ocrx_word' id='word_1_115' title='bbox 780 2261 970 2343; x_wconf 83' lang='lat' dir='ltr'>praemuniit</span> <span class='ocrx_word' id='word_1_116' title='bbox 995 2271 1111 2336; x_wconf 89' lang='lat' dir='ltr'>artam,</span> 
     </span>
     <span class='ocr_line' id='line_1_19' title="bbox 289 2361 1067 2453; baseline 0 -21"><span class='ocrx_word' id='word_1_117' title='bbox 289 2370 439 2452; x_wconf 87' lang='lat' dir='ltr'>Undique</span> <span class='ocrx_word' id='word_1_118' title='bbox 461 2372 608 2452; x_wconf 87' lang='lat' dir='ltr'>praecisis</span> <span class='ocrx_word' id='word_1_119' title='bbox 631 2372 728 2453; x_wconf 90' lang='lat' dir='ltr'>spinis</span> <span class='ocrx_word' id='word_1_120' title='bbox 751 2374 843 2434; x_wconf 85' lang='lat' dir='ltr'>simui</span> <span class='ocrx_word' id='word_1_121' title='bbox 866 2384 896 2433; x_wconf 89' lang='lat' dir='ltr'>et</span> <span class='ocrx_word' id='word_1_122' title='bbox 917 2361 1067 2452; x_wconf 62' lang='lat' dir='ltr'>paliuris,</span> 
     </span>
     <span class='ocr_line' id='line_1_20' title="bbox 290 2478 1102 2560; baseline 0.002 -19"><span class='ocrx_word' id='word_1_123' title='bbox 290 2478 361 2555; x_wconf 83' lang='lat' dir='ltr'>Quo</span> <span class='ocrx_word' id='word_1_124' title='bbox 385 2483 468 2545; x_wconf 84' lang='lat' dir='ltr'>fecto</span> <span class='ocrx_word' id='word_1_125' title='bbox 491 2482 530 2543; x_wconf 91' lang='lat' dir='ltr'>ad</span> <span class='ocrx_word' id='word_1_126' title='bbox 555 2496 683 2546; x_wconf 90' lang='lat' dir='ltr'>truncos</span> <span class='ocrx_word' id='word_1_127' title='bbox 706 2503 772 2543; x_wconf 87' lang='lat' dir='ltr'>sese</span> <span class='ocrx_word' id='word_1_128' title='bbox 795 2483 966 2560; x_wconf 88' lang='lat' dir='ltr'>convertit,</span> <span class='ocrx_word' id='word_1_129' title='bbox 995 2501 1102 2543; x_wconf 89' lang='lat' dir='ltr'>amaro</span> 
     </span>
     <span class='ocr_line' id='line_1_21' title="bbox 288 2588 1186 2677; baseline 0.003 -26"><span class='ocrx_word' id='word_1_130' title='bbox 288 2588 1186 2677; x_wconf 85' lang='lat' dir='ltr'>Cumgcmitu,etcuicumquesuumcaputapplicat,atque</span> 
     </span>
     <span class='ocr_line' id='line_1_22' title="bbox 287 2698 1124 2786; baseline 0.006 -26"><span class='ocrx_word' id='word_1_131' title='bbox 287 2698 407 2762; x_wconf 89' lang='lat' dir='ltr'>Contra</span> <span class='ocrx_word' id='word_1_132' title='bbox 428 2703 611 2765; x_wconf 88' lang='lat' dir='ltr'>orientalem</span> <span class='ocrx_word' id='word_1_133' title='bbox 633 2717 808 2785; x_wconf 89' lang='lat' dir='ltr'>prostratus</span> <span class='ocrx_word' id='word_1_134' title='bbox 831 2725 964 2785; x_wconf 89' lang='lat' dir='ltr'>corpore</span> <span class='ocrx_word' id='word_1_135' title='bbox 987 2716 1124 2786; x_wconf 82' lang='lat' dir='ltr'>partem,</span> 
     </span>
     <span class='ocr_line' id='line_1_23' title="bbox 166 2811 1188 2897; baseline 0.009 -29"><span class='ocrx_word' id='word_1_136' title='bbox 166 2812 248 2869; x_wconf 90' lang='grc'>1160</span> <span class='ocrx_word' id='word_1_137' title='bbox 292 2812 338 2872; x_wconf 89' lang='lat' dir='ltr'>Ac</span> <span class='ocrx_word' id='word_1_138' title='bbox 360 2811 481 2874; x_wconf 89' lang='lat' dir='ltr'>nudum</span> <span class='ocrx_word' id='word_1_139' title='bbox 501 2815 639 2876; x_wconf 90' lang='lat' dir='ltr'>retinens</span> <span class='ocrx_word' id='word_1_140' title='bbox 660 2837 765 2878; x_wconf 90' lang='lat' dir='ltr'>ensem</span> <span class='ocrx_word' id='word_1_141' title='bbox 780 2816 837 2876; x_wconf 89' lang='lat' dir='ltr'>hac</span> <span class='ocrx_word' id='word_1_142' title='bbox 853 2837 924 2877; x_wconf 90' lang='lat' dir='ltr'>cum</span> <span class='ocrx_word' id='word_1_143' title='bbox 943 2835 1021 2880; x_wconf 78' lang='lat' dir='ltr'>voce</span> <span class='ocrx_word' id='word_1_144' title='bbox 1044 2828 1188 2897; x_wconf 84' lang='lat' dir='ltr'>precatur</span> 
     </span>
     <span class='ocr_line' id='line_1_24' title="bbox 291 2920 1101 3006; baseline 0.01 -26"><span class='ocrx_word' id='word_1_145' title='bbox 291 2920 427 2982; x_wconf 87' lang='lat' dir='ltr'>‘Rerum</span> <span class='ocrx_word' id='word_1_146' title='bbox 450 2923 579 3001; x_wconf 82' lang='lat' dir='ltr'>factori,</span> <span class='ocrx_word' id='word_1_147' title='bbox 612 2923 667 2986; x_wconf 85' lang='lat' dir='ltr'>sed</span> <span class='ocrx_word' id='word_1_148' title='bbox 690 2937 721 2987; x_wconf 89' lang='lat' dir='ltr'>et</span> <span class='ocrx_word' id='word_1_149' title='bbox 738 2926 845 2987; x_wconf 87' lang='lat' dir='ltr'>omnia</span> <span class='ocrx_word' id='word_1_150' title='bbox 865 2927 946 2988; x_wconf 87' lang='lat' dir='ltr'>facta</span> <span class='ocrx_word' id='word_1_151' title='bbox 964 2927 1101 3006; x_wconf 83' lang='lat' dir='ltr'>regenti,</span> 
     </span>
     <span class='ocr_line' id='line_1_25' title="bbox 287 3029 1058 3125; baseline 0.008 -35"><span class='ocrx_word' id='word_1_152' title='bbox 287 3029 343 3091; x_wconf 89' lang='lat' dir='ltr'>Nil</span> <span class='ocrx_word' id='word_1_153' title='bbox 364 3033 430 3094; x_wconf 87' lang='lat' dir='ltr'>sine</span> <span class='ocrx_word' id='word_1_154' title='bbox 450 3036 606 3125; x_wconf 85' lang='lat' dir='ltr'>permissu</span> <span class='ocrx_word' id='word_1_155' title='bbox 629 3039 717 3113; x_wconf 88' lang='lat' dir='ltr'>cujus</span> <span class='ocrx_word' id='word_1_156' title='bbox 741 3037 792 3098; x_wconf 85' lang='lat' dir='ltr'>vei</span> <span class='ocrx_word' id='word_1_157' title='bbox 815 3034 951 3119; x_wconf 88' lang='lat' dir='ltr'>denique</span> <span class='ocrx_word' id='word_1_158' title='bbox 970 3041 1058 3113; x_wconf 89' lang='lat' dir='ltr'>jussu</span> 
     </span>
     <span class='ocr_line' id='line_1_26' title="bbox 289 3139 1122 3229; baseline 0.006 -27"><span class='ocrx_word' id='word_1_159' title='bbox 289 3139 436 3220; x_wconf 87' lang='lat' dir='ltr'>Constat,</span> <span class='ocrx_word' id='word_1_160' title='bbox 467 3166 523 3224; x_wconf 81' lang='lat' dir='ltr'>ago</span> <span class='ocrx_word' id='word_1_161' title='bbox 548 3158 667 3224; x_wconf 84' lang='lat' dir='ltr'>grates,</span> <span class='ocrx_word' id='word_1_162' title='bbox 697 3148 753 3228; x_wconf 92' lang='lat' dir='ltr'>qui</span> <span class='ocrx_word' id='word_1_163' title='bbox 775 3169 824 3209; x_wconf 86' lang='lat' dir='ltr'>tue</span> <span class='ocrx_word' id='word_1_164' title='bbox 847 3145 986 3209; x_wconf 84' lang='lat' dir='ltr'>defendit</span> <span class='ocrx_word' id='word_1_165' title='bbox 1005 3147 1122 3229; x_wconf 89' lang='lat' dir='ltr'>iniquis</span> 
     </span>
     <span class='ocr_line' id='line_1_27' title="bbox 285 3250 1143 3339; baseline 0.005 -29"><span class='ocrx_word' id='word_1_166' title='bbox 285 3250 415 3312; x_wconf 87' lang='lat' dir='ltr'>Hostilis</span> <span class='ocrx_word' id='word_1_167' title='bbox 436 3266 556 3316; x_wconf 87' lang='lat' dir='ltr'>turmae</span> <span class='ocrx_word' id='word_1_168' title='bbox 577 3256 665 3333; x_wconf 88' lang='lat' dir='ltr'>telis,</span> <span class='ocrx_word' id='word_1_169' title='bbox 693 3276 837 3321; x_wconf 91' lang='lat' dir='ltr'>necnon</span> <span class='ocrx_word' id='word_1_170' title='bbox 860 3276 987 3339; x_wconf 86' lang='lat' dir='ltr'>quoque</span> <span class='ocrx_word' id='word_1_171' title='bbox 1009 3257 1143 3338; x_wconf 86' lang='lat' dir='ltr'>probris.</span> 
     </span>
    </p>
   </div>
   <div class='ocr_carea' id='block_1_3' title="bbox 160 3473 1183 4207">
    <p class='ocr_par' dir='ltr' id='par_1_3' title="bbox 160 3473 1183 4207">
     <span class='ocr_line' id='line_1_28' title="bbox 232 3473 1182 3554; baseline 0.006 -28"><span class='ocrx_word' id='word_1_172' title='bbox 232 3478 303 3527; x_wconf 91' lang='grc'>1140</span> <span class='ocrx_word' id='word_1_173' title='bbox 328 3492 469 3545; x_wconf 86' lang='lat' dir='ltr'>suspensos</span> <span class='ocrx_word' id='word_1_174' title='bbox 492 3482 513 3535; x_wconf 93' lang='lat' dir='ltr'>I.</span> <span class='ocrx_word' id='word_1_175' title='bbox 555 3500 647 3554; x_wconf 82' lang='lat' dir='ltr'>aspera</span> <span class='ocrx_word' id='word_1_176' title='bbox 672 3486 743 3537; x_wconf 86' lang='lat' dir='ltr'>silvis</span> <span class='ocrx_word' id='word_1_177' title='bbox 767 3486 788 3538; x_wconf 86' lang='lat'>1.</span> <span class='ocrx_word' id='word_1_178' title='bbox 861 3483 931 3532; x_wconf 79' lang='lat'>1142</span> <span class='ocrx_word' id='word_1_179' title='bbox 952 3477 1082 3530; x_wconf 72' lang='lat' dir='ltr'>subierat</span> <span class='ocrx_word' id='word_1_180' title='bbox 1106 3474 1137 3527; x_wconf 83' lang='lat' dir='ltr'>B·</span> <span class='ocrx_word' id='word_1_181' title='bbox 1161 3473 1182 3526; x_wconf 86' lang='lat' dir='ltr'>l·</span> 
     </span>
     <span class='ocr_line' id='line_1_29' title="bbox 162 3567 1181 3631; baseline 0.003 -16"><span class='ocrx_word' id='word_1_182' title='bbox 162 3567 231 3618; x_wconf 91' lang='grc'>1145</span> <span class='ocrx_word' id='word_1_183' title='bbox 251 3582 368 3623; x_wconf 80' lang='lat' dir='ltr'>recreare</span> <span class='ocrx_word' id='word_1_184' title='bbox 389 3571 420 3626; x_wconf 89' lang='lat' dir='ltr'>B.</span> <span class='ocrx_word' id='word_1_185' title='bbox 472 3578 542 3628; x_wconf 75' lang='grc'>1147</span> <span class='ocrx_word' id='word_1_186' title='bbox 561 3583 660 3631; x_wconf 86' lang='lat' dir='ltr'>terrent</span> <span class='ocrx_word' id='word_1_187' title='bbox 678 3578 762 3631; x_wconf 75' lang='lat' dir='ltr'>adhuc</span> <span class='ocrx_word' id='word_1_188' title='bbox 780 3576 811 3629; x_wconf 83' lang='grc'>0.</span> <span class='ocrx_word' id='word_1_189' title='bbox 863 3574 932 3624; x_wconf 85' lang='grc'>1148</span> <span class='ocrx_word' id='word_1_190' title='bbox 950 3571 992 3622; x_wconf 88' lang='lat' dir='ltr'>Ne</span> <span class='ocrx_word' id='word_1_191' title='bbox 1011 3569 1042 3620; x_wconf 77' lang='lat' dir='ltr'>A.</span> <span class='ocrx_word' id='word_1_192' title='bbox 1074 3567 1132 3620; x_wconf 87' lang='lat' dir='ltr'>Nec</span> <span class='ocrx_word' id='word_1_193' title='bbox 1150 3568 1181 3619; x_wconf 89' lang='lat' dir='ltr'>B.</span> 
     </span>
     <span class='ocr_line' id='line_1_30' title="bbox 160 3656 1180 3731; baseline 0.005 -23"><span class='ocrx_word' id='word_1_194' title='bbox 160 3656 235 3709; x_wconf 78' lang='lat' dir='ltr'>Haec</span> <span class='ocrx_word' id='word_1_195' title='bbox 255 3659 286 3710; x_wconf 80' lang='lat' dir='ltr'>C.</span> <span class='ocrx_word' id='word_1_196' title='bbox 315 3663 354 3713; x_wconf 81' lang='lat' dir='ltr'>Ac</span> <span class='ocrx_word' id='word_1_197' title='bbox 377 3664 398 3714; x_wconf 92' lang='grc' dir='ltr'>Ι.</span> <span class='ocrx_word' id='word_1_198' title='bbox 453 3669 524 3718; x_wconf 87' lang='grc'>1149</span> <span class='ocrx_word' id='word_1_199' title='bbox 549 3668 614 3722; x_wconf 81' lang='lat' dir='ltr'>fehlt</span> <span class='ocrx_word' id='word_1_200' title='bbox 638 3672 688 3723; x_wconf 85' lang='lat' dir='ltr'>iliis</span> <span class='ocrx_word' id='word_1_201' title='bbox 711 3669 733 3723; x_wconf 85' lang='lat'>1.</span> <span class='ocrx_word' id='word_1_202' title='bbox 760 3682 765 3686; x_wconf 87' lang='lat'>·</span> <span class='ocrx_word' id='word_1_203' title='bbox 788 3668 859 3719; x_wconf 79' lang='grc'>1152</span> <span class='ocrx_word' id='word_1_204' title='bbox 882 3678 958 3731; x_wconf 84' lang='lat' dir='ltr'>spera</span> <span class='ocrx_word' id='word_1_205' title='bbox 981 3660 1074 3713; x_wconf 83' lang='lat' dir='ltr'>reddat</span> <span class='ocrx_word' id='word_1_206' title='bbox 1098 3663 1129 3715; x_wconf 73' lang='lat' dir='ltr'>A.</span> <span class='ocrx_word' id='word_1_207' title='bbox 1149 3662 1180 3714; x_wconf 91' lang='grc' dir='ltr'>Β.</span> 
     </span>
     <span class='ocr_line' id='line_1_31' title="bbox 161 3745 1181 3824; baseline 0.004 -23"><span class='ocrx_word' id='word_1_208' title='bbox 161 3764 238 3816; x_wconf 84' lang='lat' dir='ltr'>spera</span> <span class='ocrx_word' id='word_1_209' title='bbox 256 3752 341 3803; x_wconf 84' lang='lat' dir='ltr'>reddit</span> <span class='ocrx_word' id='word_1_210' title='bbox 360 3755 378 3806; x_wconf 90' lang='grc'>1.</span> <span class='ocrx_word' id='word_1_211' title='bbox 407 3758 494 3823; x_wconf 84' lang='lat' dir='ltr'>spacio</span> <span class='ocrx_word' id='word_1_212' title='bbox 514 3759 582 3813; x_wconf 87' lang='lat' dir='ltr'>redit</span> <span class='ocrx_word' id='word_1_213' title='bbox 600 3761 631 3817; x_wconf 86' lang='lat' dir='ltr'>C.</span> <span class='ocrx_word' id='word_1_214' title='bbox 688 3759 832 3824; x_wconf 68' lang='lat' dir='ltr'>1158‘ipse</span> <span class='ocrx_word' id='word_1_215' title='bbox 849 3756 870 3807; x_wconf 88' lang='lat'>1.</span> <span class='ocrx_word' id='word_1_216' title='bbox 926 3745 997 3805; x_wconf 87' lang='grc'>1156</span> <span class='ocrx_word' id='word_1_217' title='bbox 1019 3753 1142 3821; x_wconf 81' lang='lat' dir='ltr'>palinuris</span> <span class='ocrx_word' id='word_1_218' title='bbox 1160 3755 1181 3808; x_wconf 90' lang='lat'>1.</span> 
     </span>
     <span class='ocr_line' id='line_1_32' title="bbox 162 3837 1183 3914; baseline 0.009 -24"><span class='ocrx_word' id='word_1_219' title='bbox 162 3843 233 3892; x_wconf 79' lang='grc'>1157</span> <span class='ocrx_word' id='word_1_220' title='bbox 252 3859 353 3896; x_wconf 86' lang='lat' dir='ltr'>amaros</span> <span class='ocrx_word' id='word_1_221' title='bbox 373 3845 403 3899; x_wconf 86' lang='lat' dir='ltr'>C.</span> <span class='ocrx_word' id='word_1_222' title='bbox 419 3846 451 3900; x_wconf 85' lang='lat' dir='ltr'>E.</span> <span class='ocrx_word' id='word_1_223' title='bbox 509 3837 627 3905; x_wconf 51' lang='lat' dir='ltr'>1158&#39;et</span> <span class='ocrx_word' id='word_1_224' title='bbox 645 3852 791 3914; x_wconf 85' lang='lat' dir='ltr'>circumque</span> <span class='ocrx_word' id='word_1_225' title='bbox 805 3850 836 3901; x_wconf 84' lang='grc' dir='ltr'>Δ.</span> <span class='ocrx_word' id='word_1_226' title='bbox 861 3847 1052 3912; x_wconf 86' lang='lat' dir='ltr'>etquicunque</span> <span class='ocrx_word' id='word_1_227' title='bbox 1073 3848 1104 3900; x_wconf 88' lang='grc' dir='ltr'>Β.</span> <span class='ocrx_word' id='word_1_228' title='bbox 1130 3849 1183 3901; x_wconf 90' lang='lat' dir='ltr'>cir-</span> 
     </span>
     <span class='ocr_line' id='line_1_33' title="bbox 161 3936 1183 4007; baseline 0.008 -23"><span class='ocrx_word' id='word_1_229' title='bbox 161 3948 272 3999; x_wconf 89' lang='lat' dir='ltr'>cumque</span> <span class='ocrx_word' id='word_1_230' title='bbox 291 3936 322 3990; x_wconf 85' lang='lat' dir='ltr'>C.</span> <span class='ocrx_word' id='word_1_231' title='bbox 351 3944 378 3990; x_wconf 87' lang='lat' dir='ltr'>et</span> <span class='ocrx_word' id='word_1_232' title='bbox 397 3941 540 4007; x_wconf 88' lang='lat' dir='ltr'>cuicunque</span> <span class='ocrx_word' id='word_1_233' title='bbox 559 3943 580 3997; x_wconf 92' lang='lat'>1.</span> <span class='ocrx_word' id='word_1_234' title='bbox 636 3945 706 3994; x_wconf 86' lang='grc'>1160</span> <span class='ocrx_word' id='word_1_235' title='bbox 723 3943 762 3990; x_wconf 74' lang='lat' dir='ltr'>Ac</span> <span class='ocrx_word' id='word_1_236' title='bbox 780 3954 867 3992; x_wconf 86' lang='lat' dir='ltr'>ensem</span> <span class='ocrx_word' id='word_1_237' title='bbox 886 3938 981 3990; x_wconf 89' lang='lat' dir='ltr'>nudum</span> <span class='ocrx_word' id='word_1_238' title='bbox 1002 3941 1115 3993; x_wconf 84' lang='lat' dir='ltr'>retinens</span> <span class='ocrx_word' id='word_1_239' title='bbox 1135 3939 1183 3992; x_wconf 86' lang='lat' dir='ltr'>huc</span> 
     </span>
     <span class='ocr_line' id='line_1_34' title="bbox 161 4027 1181 4100; baseline 0.01 -22"><span class='ocrx_word' id='word_1_240' title='bbox 161 4041 227 4080; x_wconf 88' lang='lat' dir='ltr'>uoce</span> <span class='ocrx_word' id='word_1_241' title='bbox 245 4030 275 4082; x_wconf 84' lang='grc' dir='ltr'>Α.</span> <span class='ocrx_word' id='word_1_242' title='bbox 302 4027 349 4083; x_wconf 86' lang='lat' dir='ltr'>hac</span> <span class='ocrx_word' id='word_1_243' title='bbox 367 4033 405 4084; x_wconf 84' lang='lat' dir='ltr'>sic</span> <span class='ocrx_word' id='word_1_244' title='bbox 423 4050 487 4088; x_wconf 85' lang='lat' dir='ltr'>voce</span> <span class='ocrx_word' id='word_1_245' title='bbox 505 4036 527 4089; x_wconf 91' lang='lat'>1.</span> <span class='ocrx_word' id='word_1_246' title='bbox 578 4037 645 4085; x_wconf 92' lang='grc'>1161</span> <span class='ocrx_word' id='word_1_247' title='bbox 666 4032 762 4086; x_wconf 82' lang='lat' dir='ltr'>Verum</span> <span class='ocrx_word' id='word_1_248' title='bbox 782 4029 888 4086; x_wconf 79' lang='lat' dir='ltr'>factoris</span> <span class='ocrx_word' id='word_1_249' title='bbox 906 4039 934 4085; x_wconf 88' lang='lat' dir='ltr'>et</span> <span class='ocrx_word' id='word_1_250' title='bbox 952 4049 975 4086; x_wconf 91' lang='lat' dir='ltr'>o.</span> <span class='ocrx_word' id='word_1_251' title='bbox 991 4033 1009 4084; x_wconf 86' lang='lat' dir='ltr'>f.</span> <span class='ocrx_word' id='word_1_252' title='bbox 1027 4034 1142 4100; x_wconf 85' lang='lat' dir='ltr'>regentis</span> <span class='ocrx_word' id='word_1_253' title='bbox 1160 4033 1181 4088; x_wconf 87' lang='lat' dir='ltr'>t.</span> 
     </span>
     <span class='ocr_line' id='line_1_35' title="bbox 162 4124 1180 4207; baseline 0.005 -35"><span class='ocrx_word' id='word_1_254' title='bbox 162 4124 232 4174; x_wconf 83' lang='lat'>1162</span> <span class='ocrx_word' id='word_1_255' title='bbox 244 4124 314 4176; x_wconf 88' lang='lat' dir='ltr'>iusso</span> <span class='ocrx_word' id='word_1_256' title='bbox 324 4124 356 4179; x_wconf 90' lang='lat' dir='ltr'>B.</span> <span class='ocrx_word' id='word_1_257' title='bbox 384 4130 453 4182; x_wconf 84' lang='lat' dir='ltr'>llos</span> <span class='ocrx_word' id='word_1_258' title='bbox 465 4127 535 4207; x_wconf 87' lang='lat' dir='ltr'>quod</span> <span class='ocrx_word' id='word_1_259' title='bbox 546 4141 588 4181; x_wconf 82' lang='lat' dir='ltr'>mc</span> <span class='ocrx_word' id='word_1_260' title='bbox 596 4124 627 4180; x_wconf 81' lang='lat' dir='ltr'>C.</span> <span class='ocrx_word' id='word_1_261' title='bbox 660 4127 729 4179; x_wconf 86' lang='grc'>1164</span> <span class='ocrx_word' id='word_1_262' title='bbox 740 4139 789 4180; x_wconf 88' lang='lat' dir='ltr'>nec</span> <span class='ocrx_word' id='word_1_263' title='bbox 799 4143 850 4181; x_wconf 90' lang='lat' dir='ltr'>non</span> <span class='ocrx_word' id='word_1_264' title='bbox 861 4143 964 4196; x_wconf 88' lang='lat' dir='ltr'>quoquc</span> <span class='ocrx_word' id='word_1_265' title='bbox 975 4127 1024 4183; x_wconf 83' lang='lat' dir='ltr'>rite</span> <span class='ocrx_word' id='word_1_266' title='bbox 1035 4127 1149 4197; x_wconf 80' lang='lat' dir='ltr'>probatis</span> <span class='ocrx_word' id='word_1_267' title='bbox 1158 4125 1180 4178; x_wconf 93' lang='grc' dir='ltr'>Ι.</span> 
     </span>
    </p>
   </div>
   <div class='ocr_carea' id='block_1_4' title="bbox 0 0 1324 4650">
    <p class='ocr_par' dir='ltr' id='par_1_4' title="bbox 0 0 1324 4650">
     <span class='ocr_line' id='line_1_36' title="bbox 0 0 1324 4650; baseline 0 0"><span class='ocrx_word' id='word_1_268' title='bbox 0 0 1324 4650; x_wconf 95' lang='lat' dir='ltr'> </span> 
     </span>
    </p>
   </div>
  </div>
 </body>
</html>
