<?xml version="1.0" encoding="UTF-8"?>
<!DOCTYPE html PUBLIC "-//W3C//DTD XHTML 1.0 Transitional//EN"
    "http://www.w3.org/TR/xhtml1/DTD/xhtml1-transitional.dtd">
<html xmlns="http://www.w3.org/1999/xhtml" xml:lang="en" lang="en">
 <head>
  <title>
</title>
<meta http-equiv="Content-Type" content="text/html;charset=utf-8" />
  <meta name='ocr-system' content='tesseract 3.04.00' />
  <meta name='ocr-capabilities' content='ocr_page ocr_carea ocr_par ocr_line ocrx_word'/>
</head>
<body>
  <div class='ocr_page' id='page_1' title='image "./lateinischegedi00schmgoog/lateinischegedi00schmgoog_0207.png"; bbox 0 0 2640 4650; ppageno 0'>
   <div class='ocr_carea' id='block_1_1' title="bbox 328 228 1101 364">
    <p class='ocr_par' dir='ltr' id='par_1_1' title="bbox 328 228 1101 364">
     <span class='ocr_line' id='line_1_1' title="bbox 328 228 1101 364; baseline 0 -13"><span class='ocrx_word' id='word_1_1' title='bbox 328 241 635 353; x_wconf 77' lang='lat' dir='ltr'><strong>nunnus-us</strong></span> <span class='ocrx_word' id='word_1_2' title='bbox 680 275 857 364; x_wconf 70' lang='lat' dir='ltr'><strong>nagan.</strong></span> <span class='ocrx_word' id='word_1_3' title='bbox 1007 228 1101 354; x_wconf 79' lang='lat' dir='ltr'><strong>m</strong></span> 
     </span>
    </p>
   </div>
   <div class='ocr_carea' id='block_1_2' title="bbox 36 516 1209 4063">
    <p class='ocr_par' dir='ltr' id='par_1_2' title="bbox 85 516 1108 1032">
     <span class='ocr_line' id='line_1_2' title="bbox 85 516 1063 597; baseline -0.002 -17"><span class='ocrx_word' id='word_1_4' title='bbox 85 526 147 581; x_wconf 94' lang='grc'><strong>110</strong></span> <span class='ocrx_word' id='word_1_5' title='bbox 191 517 251 580; x_wconf 88' lang='lat' dir='ltr'><strong>Sed</strong></span> <span class='ocrx_word' id='word_1_6' title='bbox 273 518 529 592; x_wconf 86' lang='lat' dir='ltr'><strong>sibimet·servit·‚</strong></span> <span class='ocrx_word' id='word_1_7' title='bbox 550 516 687 597; x_wconf 82' lang='lat' dir='ltr'><strong>gladium</strong></span> <span class='ocrx_word' id='word_1_8' title='bbox 710 535 925 596; x_wconf 85' lang='lat' dir='ltr'><strong>persaepeque</strong></span> <span class='ocrx_word' id='word_1_9' title='bbox 948 528 1063 595; x_wconf 87' lang='lat' dir='ltr'><strong>portat,</strong></span> 
     </span>
     <span class='ocr_line' id='line_1_3' title="bbox 189 625 1028 708; baseline -0.006 -17"><span class='ocrx_word' id='word_1_10' title='bbox 189 629 232 691; x_wconf 91' lang='lat' dir='ltr'><strong>Ut</strong></span> <span class='ocrx_word' id='word_1_11' title='bbox 259 629 364 690; x_wconf 88' lang='lat' dir='ltr'><strong>nullus</strong></span> <span class='ocrx_word' id='word_1_12' title='bbox 386 640 513 703; x_wconf 86' lang='lat' dir='ltr'><strong>noceat,</strong></span> <span class='ocrx_word' id='word_1_13' title='bbox 536 647 630 708; x_wconf 90' lang='lat' dir='ltr'><strong>quem</strong></span> <span class='ocrx_word' id='word_1_14' title='bbox 654 625 779 694; x_wconf 33' lang='lat' dir='ltr'><strong>rex‘sic</strong></span> <span class='ocrx_word' id='word_1_15' title='bbox 801 625 1003 705; x_wconf 78' lang='lat' dir='ltr'><strong>glorificabat.</strong></span> <span class='ocrx_word' id='word_1_16' title='bbox 1026 699 1028 701; x_wconf 15' lang='grc' dir='ltr'>Ι</span> 
     </span>
     <span class='ocr_line' id='line_1_4' title="bbox 193 731 987 815; baseline -0.008 -17"><span class='ocrx_word' id='word_1_17' title='bbox 193 737 287 799; x_wconf 82' lang='lat' dir='ltr'><strong>Nolle</strong></span> <span class='ocrx_word' id='word_1_18' title='bbox 312 735 474 799; x_wconf 88' lang='lat' dir='ltr'><strong>recordari</strong></span> <span class='ocrx_word' id='word_1_19' title='bbox 496 749 542 813; x_wconf 89' lang='lat' dir='ltr'><strong>te,</strong></span> <span class='ocrx_word' id='word_1_20' title='bbox 564 735 617 796; x_wconf 87' lang='lat' dir='ltr'><strong>scd</strong></span> <span class='ocrx_word' id='word_1_21' title='bbox 640 747 805 815; x_wconf 91' lang='lat' dir='ltr'><strong>postquam</strong></span> <span class='ocrx_word' id='word_1_22' title='bbox 827 734 888 794; x_wconf 87' lang='lat' dir='ltr'><strong>sibi</strong></span> <span class='ocrx_word' id='word_1_23' title='bbox 910 731 987 804; x_wconf 87' lang='lat' dir='ltr'><strong>dixi,</strong></span> 
     </span>
     <span class='ocr_line' id='line_1_5' title="bbox 197 835 995 920; baseline -0.008 -14"><span class='ocrx_word' id='word_1_24' title='bbox 197 843 345 907; x_wconf 82' lang='lat' dir='ltr'><strong>Dedecus</strong></span> <span class='ocrx_word' id='word_1_25' title='bbox 365 846 544 906; x_wconf 87' lang='lat' dir='ltr'><strong>inmensum</strong></span> <span class='ocrx_word' id='word_1_26' title='bbox 568 845 617 906; x_wconf 90' lang='lat' dir='ltr'><strong>vel</strong></span> <span class='ocrx_word' id='word_1_27' title='bbox 636 835 813 904; x_wconf 89' lang='lat' dir='ltr'><strong>inedicibile</strong></span> <span class='ocrx_word' id='word_1_28' title='bbox 835 839 995 920; x_wconf 86' lang='lat' dir='ltr'><strong>damnum,</strong></span> 
     </span>
     <span class='ocr_line' id='line_1_6' title="bbox 198 947 1108 1032; baseline -0.004 -15"><span class='ocrx_word' id='word_1_29' title='bbox 198 952 373 1030; x_wconf 84' lang='lat' dir='ltr'><strong>Quodtibi</strong></span> <span class='ocrx_word' id='word_1_30' title='bbox 396 956 559 1030; x_wconf 90' lang='lat' dir='ltr'><strong>fecerunt,</strong></span> <span class='ocrx_word' id='word_1_31' title='bbox 581 955 639 1014; x_wconf 87' lang='lat' dir='ltr'><strong>sub</strong></span> <span class='ocrx_word' id='word_1_32' title='bbox 662 958 732 1030; x_wconf 88' lang='lat' dir='ltr'><strong>jure</strong></span> <span class='ocrx_word' id='word_1_33' title='bbox 754 963 810 1012; x_wconf 93' lang='lat' dir='ltr'><strong>tuo</strong></span> <span class='ocrx_word' id='word_1_34' title='bbox 832 947 926 1012; x_wconf 90' lang='lat' dir='ltr'><strong>modo</strong></span> <span class='ocrx_word' id='word_1_35' title='bbox 949 952 1108 1032; x_wconf 82' lang='lat' dir='ltr'><strong>quisunt,</strong></span> 
     </span>
    </p>

    <p class='ocr_par' dir='ltr' id='par_1_3' title="bbox 86 1059 993 1256">
     <span class='ocr_line' id='line_1_7' title="bbox 86 1059 993 1144; baseline -0.002 -20"><span class='ocrx_word' id='word_1_36' title='bbox 86 1068 146 1125; x_wconf 85' lang='lat'><strong>115</strong></span> <span class='ocrx_word' id='word_1_37' title='bbox 192 1060 281 1138; x_wconf 86' lang='lat' dir='ltr'><strong>Quos</strong></span> <span class='ocrx_word' id='word_1_38' title='bbox 304 1063 487 1143; x_wconf 87' lang='lat' dir='ltr'><strong>inpunitos,</strong></span> <span class='ocrx_word' id='word_1_39' title='bbox 515 1063 657 1144; x_wconf 87' lang='lat' dir='ltr'><strong>quamvis</strong></span> <span class='ocrx_word' id='word_1_40' title='bbox 679 1061 824 1135; x_wconf 89' lang='lat' dir='ltr'><strong>meritos,</strong></span> <span class='ocrx_word' id='word_1_41' title='bbox 852 1059 993 1122; x_wconf 91' lang='lat' dir='ltr'><strong>inimicos</strong></span> 
     </span>
     <span class='ocr_line' id='line_1_8' title="bbox 191 1166 920 1256; baseline -0.005 -23"><span class='ocrx_word' id='word_1_42' title='bbox 191 1171 336 1256; x_wconf 80' lang='lat' dir='ltr'><strong>Reddere</strong></span> <span class='ocrx_word' id='word_1_43' title='bbox 357 1168 502 1232; x_wconf 88' lang='lat' dir='ltr'><strong>laudares</strong></span> <span class='ocrx_word' id='word_1_44' title='bbox 524 1173 556 1231; x_wconf 89' lang='lat' dir='ltr'><strong>in</strong></span> <span class='ocrx_word' id='word_1_45' title='bbox 580 1170 666 1230; x_wconf 87' lang='lat' dir='ltr'><strong>nulla</strong></span> <span class='ocrx_word' id='word_1_46' title='bbox 688 1189 723 1227; x_wconf 93' lang='lat' dir='ltr'><strong>re</strong></span> <span class='ocrx_word' id='word_1_47' title='bbox 745 1166 920 1244; x_wconf 73' lang='lat' dir='ltr'><strong>nichitatos,</strong></span> 
     </span>
    </p>

    <p class='ocr_par' dir='ltr' id='par_1_4' title="bbox 192 1274 1092 1573">
     <span class='ocr_line' id='line_1_9' title="bbox 192 1274 1092 1358; baseline -0.003 -20"><span class='ocrx_word' id='word_1_48' title='bbox 192 1279 227 1338; x_wconf 90' lang='lat' dir='ltr'><strong>Si</strong></span> <span class='ocrx_word' id='word_1_49' title='bbox 247 1281 323 1341; x_wconf 87' lang='lat' dir='ltr'><strong>velit</strong></span> <span class='ocrx_word' id='word_1_50' title='bbox 343 1279 377 1337; x_wconf 91' lang='lat' dir='ltr'><strong>in</strong></span> <span class='ocrx_word' id='word_1_51' title='bbox 398 1279 492 1357; x_wconf 83' lang='lat' dir='ltr'>plebe</span> <span class='ocrx_word' id='word_1_52' title='bbox 516 1300 579 1358; x_wconf 85' lang='lat' dir='ltr'><strong>pax</strong></span> <span class='ocrx_word' id='word_1_53' title='bbox 602 1290 636 1337; x_wconf 93' lang='lat' dir='ltr'><strong>ut</strong></span> <span class='ocrx_word' id='word_1_54' title='bbox 657 1287 823 1355; x_wconf 78' lang='lat' dir='ltr'><strong>reparetur</strong></span> <span class='ocrx_word' id='word_1_55' title='bbox 847 1274 1006 1357; x_wconf 89' lang='lat' dir='ltr'><strong>utrinque.</strong></span> <span class='ocrx_word' id='word_1_56' title='bbox 1028 1280 1092 1325; x_wconf 61' lang='lat'><strong>-‘&#39;</strong></span> 
     </span>
     <span class='ocr_line' id='line_1_10' title="bbox 195 1380 1000 1462; baseline -0.005 -15"><span class='ocrx_word' id='word_1_57' title='bbox 195 1385 247 1447; x_wconf 87' lang='lat' dir='ltr'><strong>Sic</strong></span> <span class='ocrx_word' id='word_1_58' title='bbox 268 1385 374 1447; x_wconf 89' lang='lat' dir='ltr'><strong>dicens</strong></span> <span class='ocrx_word' id='word_1_59' title='bbox 395 1385 485 1461; x_wconf 88' lang='lat' dir='ltr'><strong>silui,</strong></span> <span class='ocrx_word' id='word_1_60' title='bbox 510 1387 560 1448; x_wconf 90' lang='lat' dir='ltr'><strong>vel</strong></span> <span class='ocrx_word' id='word_1_61' title='bbox 579 1406 651 1462; x_wconf 84' lang='lat' dir='ltr'><strong>rege</strong></span> <span class='ocrx_word' id='word_1_62' title='bbox 672 1386 799 1462; x_wconf 86' lang='lat' dir='ltr'><strong>jubente</strong></span> <span class='ocrx_word' id='word_1_63' title='bbox 818 1380 930 1445; x_wconf 87' lang='lat' dir='ltr'><strong>resedi.</strong></span> <span class='ocrx_word' id='word_1_64' title='bbox 975 1401 1000 1417; x_wconf 71' lang='grc'><strong>·’</strong></span> 
     </span>
     <span class='ocr_line' id='line_1_11' title="bbox 192 1490 982 1573; baseline -0.001 -16"><span class='ocrx_word' id='word_1_65' title='bbox 192 1496 231 1557; x_wconf 91' lang='lat' dir='ltr'><strong>In</strong></span> <span class='ocrx_word' id='word_1_66' title='bbox 254 1515 320 1556; x_wconf 88' lang='lat' dir='ltr'><strong>cras</strong></span> <span class='ocrx_word' id='word_1_67' title='bbox 342 1492 482 1556; x_wconf 87' lang='lat' dir='ltr'><strong>induciat</strong></span> <span class='ocrx_word' id='word_1_68' title='bbox 492 1540 506 1571; x_wconf 59' lang='lat'><strong>,‚</strong></span> <span class='ocrx_word' id='word_1_69' title='bbox 523 1494 571 1555; x_wconf 89' lang='lat' dir='ltr'><strong>his</strong></span> <span class='ocrx_word' id='word_1_70' title='bbox 594 1505 628 1554; x_wconf 90' lang='lat' dir='ltr'><strong>ut</strong></span> <span class='ocrx_word' id='word_1_71' title='bbox 650 1512 802 1572; x_wconf 84' lang='lat' dir='ltr'><strong>responsa</strong></span> <span class='ocrx_word' id='word_1_72' title='bbox 822 1490 982 1573; x_wconf 83' lang='lat' dir='ltr'><strong>rependat.</strong></span> 
     </span>
    </p>

    <p class='ocr_par' dir='ltr' id='par_1_5' title="bbox 91 1582 906 1681">
     <span class='ocr_line' id='line_1_12' title="bbox 91 1582 906 1681; baseline -0.005 -15"><span class='ocrx_word' id='word_1_73' title='bbox 91 1610 153 1666; x_wconf 88' lang='grc'><strong>120</strong></span> <span class='ocrx_word' id='word_1_74' title='bbox 196 1606 232 1664; x_wconf 94' lang='lat' dir='ltr'><strong>ln</strong></span> <span class='ocrx_word' id='word_1_75' title='bbox 256 1582 379 1665; x_wconf 86' lang='lat' dir='ltr'><strong>summo</strong></span> <span class='ocrx_word' id='word_1_76' title='bbox 401 1625 494 1666; x_wconf 87' lang='lat' dir='ltr'><strong>mane</strong></span> <span class='ocrx_word' id='word_1_77' title='bbox 515 1616 634 1665; x_wconf 91' lang='lat' dir='ltr'><strong>curtem</strong></span> <span class='ocrx_word' id='word_1_78' title='bbox 656 1603 758 1665; x_wconf 92' lang='lat' dir='ltr'><strong>cuncti</strong></span> <span class='ocrx_word' id='word_1_79' title='bbox 778 1601 906 1681; x_wconf 87' lang='lat' dir='ltr'><strong>petiere,</strong></span> 
     </span>
    </p>

    <p class='ocr_par' dir='ltr' id='par_1_6' title="bbox 191 1695 1102 1904">
     <span class='ocr_line' id='line_1_13' title="bbox 193 1695 1102 1799; baseline 0 -23"><span class='ocrx_word' id='word_1_80' title='bbox 193 1714 304 1799; x_wconf 85' lang='lat' dir='ltr'><strong>Plures</strong></span> <span class='ocrx_word' id='word_1_81' title='bbox 325 1714 463 1774; x_wconf 89' lang='lat' dir='ltr'><strong>rumoris</strong></span> <span class='ocrx_word' id='word_1_82' title='bbox 486 1711 601 1793; x_wconf 88' lang='lat' dir='ltr'><strong>cupidi,</strong></span> <span class='ocrx_word' id='word_1_83' title='bbox 623 1734 717 1794; x_wconf 89' lang='lat' dir='ltr'><strong>quam</strong></span> <span class='ocrx_word' id='word_1_84' title='bbox 741 1695 822 1790; x_wconf 83' lang='lat' dir='ltr'><strong>regis</strong></span> <span class='ocrx_word' id='word_1_85' title='bbox 843 1712 986 1775; x_wconf 85' lang='lat' dir='ltr'><strong>honoris.</strong></span> <span class='ocrx_word' id='word_1_86' title='bbox 1011 1716 1102 1791; x_wconf 61' lang='lat'><strong>151³·</strong></span> 
     </span>
     <span class='ocr_line' id='line_1_14' title="bbox 191 1820 1063 1904; baseline -0.002 -20"><span class='ocrx_word' id='word_1_87' title='bbox 191 1822 447 1884; x_wconf 86' lang='lat' dir='ltr'><strong>Intromittuntur</strong></span> <span class='ocrx_word' id='word_1_88' title='bbox 468 1821 523 1904; x_wconf 88' lang='lat' dir='ltr'><strong>qui</strong></span> <span class='ocrx_word' id='word_1_89' title='bbox 546 1822 621 1904; x_wconf 89' lang='lat' dir='ltr'><strong>quid</strong></span> <span class='ocrx_word' id='word_1_90' title='bbox 649 1821 797 1903; x_wconf 83' lang='lat' dir='ltr'><strong>prodesse</strong></span> <span class='ocrx_word' id='word_1_91' title='bbox 820 1820 965 1884; x_wconf 86' lang='lat' dir='ltr'><strong>videntur</strong></span> <span class='ocrx_word' id='word_1_92' title='bbox 1059 1844 1063 1849; x_wconf 75' lang='grc'><strong>’</strong></span> 
     </span>
    </p>

    <p class='ocr_par' dir='ltr' id='par_1_7' title="bbox 196 1916 898 2022">
     <span class='ocr_line' id='line_1_15' title="bbox 196 1916 898 2022; baseline 0 -30"><span class='ocrx_word' id='word_1_93' title='bbox 196 1916 275 2010; x_wconf 76' lang='lat' dir='ltr'><strong>Regi</strong></span> <span class='ocrx_word' id='word_1_94' title='bbox 293 1931 460 2022; x_wconf 47' lang='lat' dir='ltr'><strong>*consilium</strong></span> <span class='ocrx_word' id='word_1_95' title='bbox 481 1926 541 2011; x_wconf 90' lang='lat' dir='ltr'><strong>pro</strong></span> <span class='ocrx_word' id='word_1_96' title='bbox 560 1933 615 1992; x_wconf 91' lang='lat' dir='ltr'><strong>tali</strong></span> <span class='ocrx_word' id='word_1_97' title='bbox 632 1952 667 1992; x_wconf 91' lang='lat' dir='ltr'><strong>re</strong></span> <span class='ocrx_word' id='word_1_98' title='bbox 686 1928 898 1993; x_wconf 90' lang='lat' dir='ltr'><strong>tribuendum.</strong></span> 
     </span>
    </p>

    <p class='ocr_par' dir='ltr' id='par_1_8' title="bbox 195 2037 1209 2121">
     <span class='ocr_line' id='line_1_16' title="bbox 195 2037 1209 2121; baseline 0.003 -22"><span class='ocrx_word' id='word_1_99' title='bbox 195 2041 316 2103; x_wconf 82' lang='lat' dir='ltr'><strong>Valvas</strong></span> <span class='ocrx_word' id='word_1_100' title='bbox 342 2037 548 2115; x_wconf 88' lang='lat' dir='ltr'><strong>clauduntur,</strong></span> <span class='ocrx_word' id='word_1_101' title='bbox 571 2041 708 2101; x_wconf 89' lang='lat' dir='ltr'><strong>nescitur</strong></span> <span class='ocrx_word' id='word_1_102' title='bbox 732 2037 810 2121; x_wconf 91' lang='lat' dir='ltr'><strong>quid</strong></span> <span class='ocrx_word' id='word_1_103' title='bbox 830 2041 1046 2120; x_wconf 68' lang='lat' dir='ltr'><strong>loquerentur.</strong></span> <span class='ocrx_word' id='word_1_104' title='bbox 1112 2049 1209 2104; x_wconf 63' lang='lat' dir='ltr'><strong>tutte·</strong></span> 
     </span>
    </p>

    <p class='ocr_par' dir='ltr' id='par_1_9' title="bbox 36 2146 1042 2337">
     <span class='ocr_line' id='line_1_17' title="bbox 36 2146 1042 2229; baseline 0.006 -21"><span class='ocrx_word' id='word_1_105' title='bbox 36 2160 38 2164; x_wconf 87' lang='grc'><strong>’</strong></span> <span class='ocrx_word' id='word_1_106' title='bbox 89 2151 150 2209; x_wconf 84' lang='lat'><strong>125</strong></span> <span class='ocrx_word' id='word_1_107' title='bbox 193 2146 248 2207; x_wconf 90' lang='lat' dir='ltr'><strong>Est</strong></span> <span class='ocrx_word' id='word_1_108' title='bbox 269 2149 366 2209; x_wconf 87' lang='lat' dir='ltr'><strong>breve</strong></span> <span class='ocrx_word' id='word_1_109' title='bbox 383 2147 576 2225; x_wconf 87' lang='lat' dir='ltr'><strong>colloquium</strong></span> <span class='ocrx_word' id='word_1_110' title='bbox 600 2166 659 2226; x_wconf 90' lang='lat' dir='ltr'><strong>pro</strong></span> <span class='ocrx_word' id='word_1_111' title='bbox 682 2167 834 2208; x_wconf 88' lang='lat' dir='ltr'><strong>consensu</strong></span> <span class='ocrx_word' id='word_1_112' title='bbox 855 2150 1042 2229; x_wconf 86' lang='lat' dir='ltr'><strong>sapientum.</strong></span> 
     </span>
     <span class='ocr_line' id='line_1_18' title="bbox 195 2251 988 2337; baseline 0.004 -21"><span class='ocrx_word' id='word_1_113' title='bbox 195 2255 296 2316; x_wconf 88' lang='lat' dir='ltr'><strong>Nobis</strong></span> <span class='ocrx_word' id='word_1_114' title='bbox 319 2255 439 2315; x_wconf 86' lang='lat' dir='ltr'><strong>interea</strong></span> <span class='ocrx_word' id='word_1_115' title='bbox 462 2251 533 2312; x_wconf 84' lang='lat' dir='ltr'><strong>data</strong></span> <span class='ocrx_word' id='word_1_116' title='bbox 554 2251 685 2333; x_wconf 85' lang='lat' dir='ltr'><strong>prandia</strong></span> <span class='ocrx_word' id='word_1_117' title='bbox 700 2267 781 2322; x_wconf 35' lang='lat' dir='ltr'><strong>‘sunt</strong></span> <span class='ocrx_word' id='word_1_118' title='bbox 806 2268 851 2317; x_wconf 80' lang='lat' dir='ltr'><strong>sat</strong></span> <span class='ocrx_word' id='word_1_119' title='bbox 873 2258 988 2337; x_wconf 85' lang='lat' dir='ltr'><strong>opima.</strong></span> 
     </span>
    </p>

    <p class='ocr_par' dir='ltr' id='par_1_10' title="bbox 142 2360 1086 2665">
     <span class='ocr_line' id='line_1_19' title="bbox 193 2360 1044 2444; baseline 0.01 -20"><span class='ocrx_word' id='word_1_120' title='bbox 193 2365 279 2424; x_wconf 86' lang='lat' dir='ltr'><strong>Dum</strong></span> <span class='ocrx_word' id='word_1_121' title='bbox 301 2360 528 2443; x_wconf 83' lang='lat' dir='ltr'><strong>pranderemus</strong></span> <span class='ocrx_word' id='word_1_122' title='bbox 551 2375 580 2423; x_wconf 89' lang='lat' dir='ltr'><strong>et</strong></span> <span class='ocrx_word' id='word_1_123' title='bbox 601 2361 702 2425; x_wconf 88' lang='lat' dir='ltr'><strong>adhuc</strong></span> <span class='ocrx_word' id='word_1_124' title='bbox 725 2364 834 2426; x_wconf 88' lang='lat' dir='ltr'><strong>vinum</strong></span> <span class='ocrx_word' id='word_1_125' title='bbox 856 2365 1044 2444; x_wconf 84' lang='lat' dir='ltr'><strong>biberemus,</strong></span> 
     </span>
     <span class='ocr_line' id='line_1_20' title="bbox 193 2469 1046 2554; baseline 0.008 -24"><span class='ocrx_word' id='word_1_126' title='bbox 193 2471 331 2532; x_wconf 83' lang='lat' dir='ltr'><strong>Mittitur</strong></span> <span class='ocrx_word' id='word_1_127' title='bbox 355 2484 384 2532; x_wconf 93' lang='lat' dir='ltr'><strong>et</strong></span> <span class='ocrx_word' id='word_1_128' title='bbox 406 2483 478 2550; x_wconf 89' lang='lat' dir='ltr'><strong>post</strong></span> <span class='ocrx_word' id='word_1_129' title='bbox 497 2490 556 2533; x_wconf 82' lang='lat' dir='ltr'><strong>nos</strong></span> <span class='ocrx_word' id='word_1_130' title='bbox 578 2483 658 2553; x_wconf 83' lang='lat' dir='ltr'><strong>tres,</strong></span> <span class='ocrx_word' id='word_1_131' title='bbox 680 2493 788 2537; x_wconf 85' lang='lat' dir='ltr'><strong>omnes</strong></span> <span class='ocrx_word' id='word_1_132' title='bbox 811 2486 846 2535; x_wconf 92' lang='lat' dir='ltr'><strong>ut</strong></span> <span class='ocrx_word' id='word_1_133' title='bbox 866 2469 1046 2554; x_wconf 21' lang='lat' dir='ltr'><strong>veniamus..</strong></span> 
     </span>
     <span class='ocr_line' id='line_1_21' title="bbox 142 2577 1086 2665; baseline 0.006 -25"><span class='ocrx_word' id='word_1_134' title='bbox 142 2617 144 2620; x_wconf 58' lang='lat'>&gt;</span> <span class='ocrx_word' id='word_1_135' title='bbox 193 2577 338 2640; x_wconf 83' lang='lat' dir='ltr'><strong>Fecimus</strong></span> <span class='ocrx_word' id='word_1_136' title='bbox 358 2591 392 2639; x_wconf 89' lang='lat' dir='ltr'><strong>ut</strong></span> <span class='ocrx_word' id='word_1_137' title='bbox 411 2579 511 2656; x_wconf 87' lang='lat' dir='ltr'><strong>jussit,</strong></span> <span class='ocrx_word' id='word_1_138' title='bbox 534 2599 603 2639; x_wconf 89' lang='lat' dir='ltr'><strong>cum</strong></span> <span class='ocrx_word' id='word_1_139' title='bbox 626 2598 758 2658; x_wconf 89' lang='lat' dir='ltr'><strong>praese</strong></span> <span class='ocrx_word' id='word_1_140' title='bbox 781 2582 939 2658; x_wconf 85' lang='lat' dir='ltr'><strong>venimus,</strong></span> <span class='ocrx_word' id='word_1_141' title='bbox 953 2583 1086 2665; x_wconf 84' lang='lat' dir='ltr'><strong>inquit:</strong></span> 
     </span>
    </p>

    <p class='ocr_par' dir='ltr' id='par_1_11' title="bbox 90 2676 1066 3196">
     <span class='ocr_line' id='line_1_22' title="bbox 90 2676 982 2768; baseline 0.002 -21"><span class='ocrx_word' id='word_1_142' title='bbox 90 2691 152 2748; x_wconf 88' lang='grc'><strong>130</strong></span> <span class='ocrx_word' id='word_1_143' title='bbox 195 2684 243 2751; x_wconf 89' lang='lat' dir='ltr'><strong>“O</strong></span> <span class='ocrx_word' id='word_1_144' title='bbox 267 2690 367 2749; x_wconf 86' lang='lat' dir='ltr'><strong>nostri</strong></span> <span class='ocrx_word' id='word_1_145' title='bbox 389 2686 510 2749; x_wconf 89' lang='lat' dir='ltr'><strong>domini</strong></span> <span class='ocrx_word' id='word_1_146' title='bbox 533 2676 619 2749; x_wconf 88' lang='lat' dir='ltr'><strong>missi</strong></span> <span class='ocrx_word' id='word_1_147' title='bbox 641 2685 817 2768; x_wconf 88' lang='lat' dir='ltr'><strong>summique</strong></span> <span class='ocrx_word' id='word_1_148' title='bbox 844 2690 982 2767; x_wconf 88' lang='lat' dir='ltr'><strong>patroni,</strong></span> 
     </span>
     <span class='ocr_line' id='line_1_23' title="bbox 195 2794 939 2877; baseline 0 -19"><span class='ocrx_word' id='word_1_149' title='bbox 195 2796 230 2859; x_wconf 82' lang='lat' dir='ltr'><strong>si</strong></span> <span class='ocrx_word' id='word_1_150' title='bbox 250 2794 442 2877; x_wconf 86' lang='lat' dir='ltr'><strong>respondere</strong></span> <span class='ocrx_word' id='word_1_151' title='bbox 464 2797 545 2857; x_wconf 88' lang='lat' dir='ltr'><strong>bene</strong></span> <span class='ocrx_word' id='word_1_152' title='bbox 568 2797 716 2858; x_wconf 89' lang='lat' dir='ltr'><strong>sciremus</strong></span> <span class='ocrx_word' id='word_1_153' title='bbox 739 2797 788 2859; x_wconf 89' lang='lat' dir='ltr'><strong>vel</strong></span> <span class='ocrx_word' id='word_1_154' title='bbox 809 2797 939 2859; x_wconf 90' lang='lat' dir='ltr'><strong>honeste</strong></span> 
     </span>
     <span class='ocr_line' id='line_1_24' title="bbox 193 2902 1022 2986; baseline 0.004 -21"><span class='ocrx_word' id='word_1_155' title='bbox 193 2902 498 2965; x_wconf 91' lang='lat' dir='ltr'><strong>Demandaminibus</strong></span> <span class='ocrx_word' id='word_1_156' title='bbox 521 2903 725 2965; x_wconf 88' lang='lat' dir='ltr'><strong>clementibus</strong></span> <span class='ocrx_word' id='word_1_157' title='bbox 756 2917 849 2986; x_wconf 90' lang='lat' dir='ltr'><strong>atque</strong></span> <span class='ocrx_word' id='word_1_158' title='bbox 874 2904 1022 2986; x_wconf 87' lang='lat' dir='ltr'><strong>paternis,</strong></span> 
     </span>
     <span class='ocr_line' id='line_1_25' title="bbox 196 3009 1066 3090; baseline 0.005 -20"><span class='ocrx_word' id='word_1_159' title='bbox 196 3009 252 3070; x_wconf 86' lang='lat' dir='ltr'><strong>Est</strong></span> <span class='ocrx_word' id='word_1_160' title='bbox 274 3019 310 3068; x_wconf 87' lang='lat' dir='ltr'><strong>ut</strong></span> <span class='ocrx_word' id='word_1_161' title='bbox 331 3009 522 3087; x_wconf 87' lang='lat' dir='ltr'><strong>promeritus</strong></span> <span class='ocrx_word' id='word_1_162' title='bbox 544 3009 691 3086; x_wconf 90' lang='lat' dir='ltr'><strong>nimium,</strong></span> <span class='ocrx_word' id='word_1_163' title='bbox 716 3023 861 3090; x_wconf 85' lang='lat' dir='ltr'><strong>prompte</strong></span> <span class='ocrx_word' id='word_1_164' title='bbox 883 3014 1066 3075; x_wconf 82' lang='lat' dir='ltr'><strong>laceremus.</strong></span> 
     </span>
     <span class='ocr_line' id='line_1_26' title="bbox 195 3105 995 3196; baseline 0.005 -20"><span class='ocrx_word' id='word_1_165' title='bbox 195 3105 299 3176; x_wconf 85' lang='lat' dir='ltr'><strong>Dicite</strong></span> <span class='ocrx_word' id='word_1_166' title='bbox 320 3136 405 3175; x_wconf 88' lang='lat' dir='ltr'><strong>nunc</strong></span> <span class='ocrx_word' id='word_1_167' title='bbox 427 3116 475 3175; x_wconf 90' lang='lat' dir='ltr'><strong>illi</strong></span> <span class='ocrx_word' id='word_1_168' title='bbox 496 3112 534 3175; x_wconf 88' lang='lat' dir='ltr'><strong>dc</strong></span> <span class='ocrx_word' id='word_1_169' title='bbox 557 3135 623 3193; x_wconf 90' lang='lat' dir='ltr'><strong>me,</strong></span> <span class='ocrx_word' id='word_1_170' title='bbox 651 3115 690 3178; x_wconf 89' lang='lat' dir='ltr'><strong>de</strong></span> <span class='ocrx_word' id='word_1_171' title='bbox 713 3118 805 3196; x_wconf 86' lang='lat' dir='ltr'><strong>plebe</strong></span> <span class='ocrx_word' id='word_1_172' title='bbox 827 3121 879 3180; x_wconf 83' lang='lat' dir='ltr'><strong>vel</strong></span> <span class='ocrx_word' id='word_1_173' title='bbox 899 3120 995 3192; x_wconf 89' lang='lat' dir='ltr'><strong>omni,</strong></span> 
     </span>
    </p>

    <p class='ocr_par' dir='ltr' id='par_1_12' title="bbox 57 3209 1045 3524">
     <span class='ocr_line' id='line_1_27' title="bbox 57 3209 1026 3311; baseline 0 -25"><span class='ocrx_word' id='word_1_174' title='bbox 57 3289 59 3292; x_wconf 10' lang='grc' dir='ltr'><em>Α</em></span> <span class='ocrx_word' id='word_1_175' title='bbox 92 3209 171 3286; x_wconf 80' lang='lat'><strong>135&#39;</strong></span> <span class='ocrx_word' id='word_1_176' title='bbox 196 3225 248 3285; x_wconf 92' lang='lat' dir='ltr'><strong>De</strong></span> <span class='ocrx_word' id='word_1_177' title='bbox 271 3225 415 3298; x_wconf 86' lang='lat' dir='ltr'><strong>summis,</strong></span> <span class='ocrx_word' id='word_1_178' title='bbox 439 3222 565 3311; x_wconf 83' lang='lat' dir='ltr'><strong>mediis,</strong></span> <span class='ocrx_word' id='word_1_179' title='bbox 587 3225 656 3286; x_wconf 88' lang='lat' dir='ltr'><strong>imis</strong></span> <span class='ocrx_word' id='word_1_180' title='bbox 680 3226 758 3306; x_wconf 79' lang='lat' dir='ltr'><strong>mibi</strong></span> <span class='ocrx_word' id='word_1_181' title='bbox 783 3231 852 3302; x_wconf 88' lang='lat' dir='ltr'><strong>jure</strong></span> <span class='ocrx_word' id='word_1_182' title='bbox 879 3227 1026 3304; x_wconf 82' lang='lat' dir='ltr'><strong>subactis,</strong></span> 
     </span>
     <span class='ocr_line' id='line_1_28' title="bbox 193 3318 1045 3413; baseline 0.001 -18"><span class='ocrx_word' id='word_1_183' title='bbox 193 3330 308 3395; x_wconf 90' lang='lat' dir='ltr'><strong>Fidum</strong></span> <span class='ocrx_word' id='word_1_184' title='bbox 328 3333 380 3395; x_wconf 84' lang='lat' dir='ltr'><strong>rel</strong></span> <span class='ocrx_word' id='word_1_185' title='bbox 404 3318 586 3413; x_wconf 88' lang='lat' dir='ltr'><strong>promptum</strong></span> <span class='ocrx_word' id='word_1_186' title='bbox 608 3337 821 3411; x_wconf 81' lang='lat' dir='ltr'><strong>subjectorum</strong></span> <span class='ocrx_word' id='word_1_187' title='bbox 841 3333 1045 3396; x_wconf 85' lang='lat' dir='ltr'><strong>famulamen.</strong></span> 
     </span>
     <span class='ocr_line' id='line_1_29' title="bbox 197 3438 972 3524; baseline 0.005 -25"><span class='ocrx_word' id='word_1_188' title='bbox 197 3438 309 3501; x_wconf 89' lang='lat' dir='ltr'><strong>Virtus</strong></span> <span class='ocrx_word' id='word_1_189' title='bbox 328 3440 407 3502; x_wconf 90' lang='lat' dir='ltr'><strong>mira</strong></span> <span class='ocrx_word' id='word_1_190' title='bbox 428 3453 500 3518; x_wconf 85' lang='lat' dir='ltr'><strong>tun,</strong></span> <span class='ocrx_word' id='word_1_191' title='bbox 527 3444 635 3522; x_wconf 86' lang='lat' dir='ltr'><strong>pietas,</strong></span> <span class='ocrx_word' id='word_1_192' title='bbox 657 3454 709 3504; x_wconf 83' lang='lat' dir='ltr'><strong>tua</strong></span> <span class='ocrx_word' id='word_1_193' title='bbox 730 3464 841 3522; x_wconf 85' lang='lat' dir='ltr'><strong>magna</strong></span> <span class='ocrx_word' id='word_1_194' title='bbox 862 3443 972 3524; x_wconf 86' lang='lat' dir='ltr'><strong>sophia</strong></span> 
     </span>
    </p>

    <p class='ocr_par' dir='ltr' id='par_1_13' title="bbox 85 3537 1096 3744">
     <span class='ocr_line' id='line_1_30' title="bbox 85 3537 1096 3636; baseline 0.009 -28"><span class='ocrx_word' id='word_1_195' title='bbox 85 3537 93 3545; x_wconf 66' lang='grc'><strong><em>’</em></strong></span> <span class='ocrx_word' id='word_1_196' title='bbox 192 3549 282 3609; x_wconf 92' lang='lat' dir='ltr'><strong>Intus</strong></span> <span class='ocrx_word' id='word_1_197' title='bbox 305 3561 339 3610; x_wconf 93' lang='lat' dir='ltr'><strong>ut</strong></span> <span class='ocrx_word' id='word_1_198' title='bbox 361 3547 532 3631; x_wconf 88' lang='lat' dir='ltr'><strong>adimplent</strong></span> <span class='ocrx_word' id='word_1_199' title='bbox 550 3563 600 3630; x_wconf 84' lang='lat' dir='ltr'><strong>te,</strong></span> <span class='ocrx_word' id='word_1_200' title='bbox 628 3553 671 3613; x_wconf 92' lang='lat' dir='ltr'><strong>sic</strong></span> <span class='ocrx_word' id='word_1_201' title='bbox 695 3553 773 3619; x_wconf 86' lang='lat' dir='ltr'><strong>foris</strong></span> <span class='ocrx_word' id='word_1_202' title='bbox 796 3552 936 3636; x_wconf 88' lang='lat' dir='ltr'><strong>undique</strong></span> <span class='ocrx_word' id='word_1_203' title='bbox 958 3567 1096 3617; x_wconf 89' lang='lat' dir='ltr'><strong>comunt.</strong></span> 
     </span>
     <span class='ocr_line' id='line_1_31' title="bbox 198 3656 988 3744; baseline 0.008 -27"><span class='ocrx_word' id='word_1_204' title='bbox 198 3656 320 3718; x_wconf 88' lang='lat' dir='ltr'><strong>Scimus</strong></span> <span class='ocrx_word' id='word_1_205' title='bbox 341 3659 513 3741; x_wconf 79' lang='lat' dir='ltr'><strong>inrequales</strong></span> <span class='ocrx_word' id='word_1_206' title='bbox 543 3681 578 3721; x_wconf 87' lang='lat' dir='ltr'><strong>re</strong></span> <span class='ocrx_word' id='word_1_207' title='bbox 602 3661 819 3744; x_wconf 89' lang='lat' dir='ltr'><strong>militibusque</strong></span> <span class='ocrx_word' id='word_1_208' title='bbox 841 3665 899 3726; x_wconf 90' lang='lat' dir='ltr'><strong>tibi</strong></span> <span class='ocrx_word' id='word_1_209' title='bbox 920 3682 988 3738; x_wconf 85' lang='lat' dir='ltr'><strong>uos,</strong></span> 
     </span>
    </p>

    <p class='ocr_par' dir='ltr' id='par_1_14' title="bbox 91 3761 1106 4063">
     <span class='ocr_line' id='line_1_32' title="bbox 91 3761 981 3846; baseline 0.006 -22"><span class='ocrx_word' id='word_1_210' title='bbox 91 3761 152 3824; x_wconf 83' lang='lat' dir='ltr'><strong>tto</strong></span> <span class='ocrx_word' id='word_1_211' title='bbox 196 3762 230 3824; x_wconf 89' lang='lat' dir='ltr'><strong>Si</strong></span> <span class='ocrx_word' id='word_1_212' title='bbox 251 3764 365 3840; x_wconf 84' lang='lat' dir='ltr'><strong>velles,</strong></span> <span class='ocrx_word' id='word_1_213' title='bbox 387 3785 479 3844; x_wconf 82' lang='lat' dir='ltr'><strong>posse</strong></span> <span class='ocrx_word' id='word_1_214' title='bbox 503 3785 560 3828; x_wconf 88' lang='lat' dir='ltr'><strong>nos</strong></span> <span class='ocrx_word' id='word_1_215' title='bbox 579 3787 639 3846; x_wconf 87' lang='lat' dir='ltr'><strong>pro</strong></span> <span class='ocrx_word' id='word_1_216' title='bbox 661 3770 779 3830; x_wconf 86' lang='lat' dir='ltr'><strong>meritis</strong></span> <span class='ocrx_word' id='word_1_217' title='bbox 807 3770 981 3830; x_wconf 87' lang='lat' dir='ltr'><strong>nichilasse.</strong></span> 
     </span>
     <span class='ocr_line' id='line_1_33' title="bbox 195 3870 1106 3955; baseline 0.002 -22"><span class='ocrx_word' id='word_1_218' title='bbox 195 3870 339 3934; x_wconf 77' lang='lat' dir='ltr'><strong>Reddere</strong></span> <span class='ocrx_word' id='word_1_219' title='bbox 361 3893 419 3953; x_wconf 91' lang='lat' dir='ltr'><strong>pro</strong></span> <span class='ocrx_word' id='word_1_220' title='bbox 442 3875 548 3955; x_wconf 87' lang='lat' dir='ltr'><strong>pravis</strong></span> <span class='ocrx_word' id='word_1_221' title='bbox 579 3875 664 3937; x_wconf 89' lang='lat' dir='ltr'><strong>bona</strong></span> <span class='ocrx_word' id='word_1_222' title='bbox 685 3886 744 3939; x_wconf 88' lang='lat' dir='ltr'><strong>stat</strong></span> <span class='ocrx_word' id='word_1_223' title='bbox 765 3879 837 3940; x_wconf 78' lang='lat' dir='ltr'><strong>satis</strong></span> <span class='ocrx_word' id='word_1_224' title='bbox 860 3878 938 3939; x_wconf 88' lang='lat' dir='ltr'><strong>ultio</strong></span> <span class='ocrx_word' id='word_1_225' title='bbox 960 3873 1106 3954; x_wconf 82' lang='lat' dir='ltr'><strong>grandis;</strong></span> 
     </span>
     <span class='ocr_line' id='line_1_34' title="bbox 195 3974 993 4063; baseline 0.008 -26"><span class='ocrx_word' id='word_1_226' title='bbox 195 3974 276 4037; x_wconf 81' lang='lat' dir='ltr'><strong>Nam</strong></span> <span class='ocrx_word' id='word_1_227' title='bbox 293 3998 357 4059; x_wconf 90' lang='lat' dir='ltr'><strong>quo</strong></span> <span class='ocrx_word' id='word_1_228' title='bbox 379 3979 512 4042; x_wconf 87' lang='lat' dir='ltr'><strong>rescitur</strong></span> <span class='ocrx_word' id='word_1_229' title='bbox 531 3980 647 4043; x_wconf 80' lang='lat' dir='ltr'><strong>inciens</strong></span> <span class='ocrx_word' id='word_1_230' title='bbox 669 3984 740 4063; x_wconf 89' lang='lat' dir='ltr'><strong>plus</strong></span> <span class='ocrx_word' id='word_1_231' title='bbox 761 3983 834 4046; x_wconf 88' lang='lat' dir='ltr'><strong>inde</strong></span> <span class='ocrx_word' id='word_1_232' title='bbox 857 3983 993 4046; x_wconf 86' lang='lat' dir='ltr'><strong>timetur.</strong></span> 
     </span>
    </p>
   </div>
   <div class='ocr_carea' id='block_1_3' title="bbox 161 4127 991 4215">
    <p class='ocr_par' dir='ltr' id='par_1_15' title="bbox 161 4127 991 4215">
     <span class='ocr_line' id='line_1_35' title="bbox 161 4127 991 4215; baseline 0.001 -30"><span class='ocrx_word' id='word_1_233' title='bbox 161 4131 214 4185; x_wconf 77' lang='grc'><strong>110</strong></span> <span class='ocrx_word' id='word_1_234' title='bbox 244 4130 286 4184; x_wconf 89' lang='lat' dir='ltr'><strong>bel</strong></span> <span class='ocrx_word' id='word_1_235' title='bbox 304 4129 415 4186; x_wconf 80' lang='lat' dir='ltr'><strong>timetur</strong></span> <span class='ocrx_word' id='word_1_236' title='bbox 432 4148 474 4190; x_wconf 80' lang='lat' dir='ltr'><strong>snt</strong></span> <span class='ocrx_word' id='word_1_237' title='bbox 499 4137 563 4191; x_wconf 82' lang='lat' dir='ltr'><strong>rand</strong></span> <span class='ocrx_word' id='word_1_238' title='bbox 588 4150 637 4192; x_wconf 84' lang='lat' dir='ltr'><strong>von</strong></span> <span class='ocrx_word' id='word_1_239' title='bbox 655 4136 771 4206; x_wconf 76' lang='lat' dir='ltr'><strong>gleichsr</strong></span> <span class='ocrx_word' id='word_1_240' title='bbox 789 4127 856 4215; x_wconf 77' lang='lat' dir='ltr'><strong>lqud</strong></span> <span class='ocrx_word' id='word_1_241' title='bbox 875 4141 991 4190; x_wconf 76' lang='lat' dir='ltr'><strong>veretur.</strong></span> 
     </span>
    </p>
   </div>
   <div class='ocr_carea' id='block_1_4' title="bbox 0 0 1336 4650">
    <p class='ocr_par' dir='ltr' id='par_1_16' title="bbox 0 0 1336 4650">
     <span class='ocr_line' id='line_1_36' title="bbox 0 0 1336 4650; baseline 0 0"><span class='ocrx_word' id='word_1_242' title='bbox 0 0 1336 4650; x_wconf 95' lang='lat' dir='ltr'><strong> </strong></span> 
     </span>
    </p>
   </div>
  </div>
 </body>
</html>
