2640 4650
538 239 802 309 ECBASISa
917 226 929 235 ’
1052 250 1062 257 “
1115 240 1187 310 263,

263 473 377 538 Audiet
399 487 428 536 et
448 471 554 534 liricae
576 442 789 534 modulamina
812 471 892 533 celsa
913 473 1047 550 puellae.

159 593 221 647 600
265 585 338 646 Non
362 582 633 660 decetaegrotum
657 592 744 641 tanto
766 579 969 642 medicamine
991 594 1103 645 tectntn

259 695 338 754 Tam
361 692 422 754 cito
446 712 478 753 se
500 688 619 751 saciare
640 700 728 765 toro,
758 707 816 748 nec
839 693 968 767 jungere
991 687 1085 766 disco,

260 804 301 864 At
326 800 436 862 domus
458 799 535 860 haec
557 795 676 858 domini
696 795 844 875 pingatur
865 796 944 857 flore
962 803 1088 874 recenti,

262 909 399 973 Cortinis
423 906 540 970 croceis
568 925 627 985 per
647 905 740 982 longa
760 907 875 984 palatia
896 907 1008 986 tensis3

262 1016 371 1078 Cetera
396 1018 573 1079 formentur
595 1010 779 1093 velutssusus
802 1015 883 1093 regis
907 1016 1062 1102 habetun’

155 1129 215 1185 605
258 1124 404 1206 Namque
426 1142 539 1183 manus
562 1121 665 1200 vulpis
690 1132 840 1182 sustentat
861 1127 1000 1184 membra
1022 1125 1121 1186 leonis
1153 1133 1164 1151 ‘

261 1239 307 1296 Ac
329 1235 554 1313 latus-aegroti
575 1231 691 1293 ducens
715 1251 773 1310 per
798 1232 861 1293 lilia
880 1235 979 1312 prati,.

259 1341 326 1404 Nec
348 1361 404 1421 pes
427 1341 473 1400 ire
496 1339 595 1414 valet,
616 1359 672 1398 nec
695 1337 802 1398 ceruix
823 1339 981 1417 praevalet
1002 1337 1060 1397 illi.
1087 1346 1089 1350 ’

516 1445 684 1528 leopardus
706 1445 804 1525 vulpi.

259 1555 388 1616 Turbae
412 1553 582 1632 condoleo,
607 1555 711 1619 triduo
733 1561 794 1634 jam
817 1549 948 1614 sustinet
970 1565 1069 1631 antro,

255 1663 362 1728 Esurit
384 1677 479 1746 atque
501 1665 582 1743 sitit,
605 1669 712 1743 jejuno
735 1663 828 1726 corde
850 1663 971 1739 fatiscit,

150 1780 212 1837 610
256 1775 320 1837 Pro
341 1776 454 1837 morbo
476 1775 558 1854 regis
580 1788 754 1838 conventus
776 1771 921 1836 condolet
943 1771 1055 1847 omnis,

255 1883 311 1946 Nil
333 1884 406 1945 falsi
429 1884 581 1960 simulat,=
603 1883 657 1946 sed
683 1883 781 1945 amica
802 1903 878 1963 pace
900 1882 1023 1957 salutat,

255 1993 305 2051 Tu
329 2011 520 2072 quocunque
543 1992 633 2068 jubes
653 2012 716 2050 una
738 2003 811 2051 sunt
832 2011 908 2053 voce
930 2001 1106 2071 sequentes,

255 2095 461 2177 Diversisque
484 2095 584 2158 modis
607 2083 661 2157 tua
684 2075 880 2157 curabuntur
897 2098 941 2155 ab
962 2097 1045 2166 istis3

253 2203 334 2264 Ecce
357 2205 434 2266 casis
459 2205 571 2265 clausis
595 2203 734 2266 consedit
756 2208 848 2266 turba
872 2203 982 2266 fidelis.
1053 2207 1055 2216 '

149 2317 210 2375 616
253 2314 336 2393 Ergo
361 2315 432 2377 fave
455 2313 536 2376 votis
544 2358 553 2392 ‚
577 2310 634 2395 qui
656 2333 760 2377 servas
781 2315 889 2386 intima
912 2317 1002 2394 regis,

253 2424 304 2485 Tu
328 2442 548 2505 quamcunque
572 2418 648 2482 dens
673 2422 732 2480 tibi
753 2423 963 2486 fortunaverit
982 2425 1104 2490 lionam,

251 2531 295 2593 Ut
317 2532 430 2614 cuique
451 2545 497 2594 est
517 2543 618 2606 aetas,
639 2529 682 2592 ita
702 2552 860 2614 quemque
882 2534 1000 2594 facetus
1022 2528 1146 2610 adopta,

252 2638 324 2716 Quo
337 2644 376 2704 sit
389 2662 494 2705 amore
505 2658 629 2721 parens,
641 2659 704 2721 quo
721 2641 818 2702 frater
834 2639 985 2702 amandus
999 2651 1029 2700 et
1040 2642 1165 2718 hospes,

247 2751 396 2813 Rusticus
419 2751 542 2812 urbano
565 2745 641 2829 quid
664 2745 756 2807 distet
777 2749 878 2830 turpis
901 2751 1053 2811 honesto)

592 2856 713 2934 vulpes.

146 2966 209 3019 620
254 2959 438 3023 ‘Consilium
462 2962 573 3024 melius
595 2983 787 3044 proavorum
809 2983 874 3024 non
896 2962 981 3024 dedit
1002 2964 1094 3039 ullus,

252 3068 318 3130 Nec
344 3071 469 3150 potiore
494 3071 565 3133 cibo
589 3073 675 3153 pavit
697 3075 767 3154 quis
789 3083 931 3150 tempore
954 3083 1053 3132 tanto.

252 3175 286 3236 Si
307 3178 390 3257 potis
413 3190 459 3240 est
481 3180 568 3258 fieri,
597 3182 711 3242 titubet
735 3203 775 3241 ne
795 3179 895 3258 gratia
920 3177 1037 3255 domni,

251 3283 339 3346 Dum
361 3285 471 3350 domus
494 3291 649 3351 excolitur
672 3289 856 3367 generaliter
875 3309 944 3350 esca
966 3301 1103 3368 paratur,

249 3389 312 3467 Qui
333 3396 451 3458 servire
472 3399 556 3462 valet
579 3399 641 3458 acri
666 3420 705 3458 ne
729 3396 822 3458 dente
842 3396 989 3475 retardet,

145 3506 206 3561 625
251 3502 307 3562 Ille
330 3505 433 3565 cibum
459 3507 577 3587 capiat,
600 3505 728 3569 donnino
751 3508 807 3588 qui
829 3520 941 3588 sponte
963 3506 1137 3569 ministrat?

559 3609 740 3697 leopardus.

251 3718 363 3780 ‘Uncto
387 3717 459 3782 satis
482 3725 582 3804 spisso
605 3738 764 3805 ponentur
787 3723 928 3784 oluscula
948 3717 1048 3791 lardo,

249 3823 315 3885 Nec
337 3826 411 3887 satis
437 3839 499 3905 eat,
521 3851 608 3907 cara,
630 3832 729 3910 pisces
751 3840 892 3893 avertere
914 3846 1028 3898 mensa,

142 3974 421 3992 Ἢ

176 4067 229 4116 616
267 4080 332 4132 quse
351 4068 458 4119 servas?
477 4069 529 4135 vgt.
548 4074 691 4134 6616611,
712 4051 857 4122 declicare
876 4071 928 4120 101
948 4065 999 4118 und
1021 4081 1079 4118 eum
1099 4069 1160 4119 559.
