2640 4650
183 265 245 333 tot
401 265 706 335 RUODLIEB
750 264 867 352 fragm.
888 264 984 333 XVI:

265 499 465 567 Tantundem
486 504 600 581 lichen,
629 516 780 586 quantum
801 501 910 565 veniat
926 500 1022 564 modo
1042 503 1171 582 louhes,

264 611 305 673 Et
326 615 489 677 volucrum
514 635 634 677 wunna
656 623 742 694 quot·
755 625 845 688 sum,
867 610 987 675 sibidio
999 615 1211 691 meaminnn,

267 721 425 785 Graminis
439 735 477 791 ,et
500 721 613 785 florum
636 721 864 817 quantumst,
890 722 939 784 dic
964 735 993 784 et
1015 708 1233 788 honorum*

182 838 223 894 70
267 827 405 908 Quando
424 832 550 895 licentia
573 854 636 915 quo
660 831 751 895 detur
773 833 851 894 mihi
870 833 921 894 vel
943 832 1086 912 rogitavi,

266 939 422 1007 Obmutui
441 944 546 1007 subito
566 945 616 1005 vel
638 944 684 1019 ei,
710 940 787 1025 quid
809 941 848 1003 sit
869 938 966 1019 mihi,
986 940 1072 1021 dic0,'

267 1050 410 1119 Oblitum
433 1055 601 1131 simulans,
628 1064 685 1116 tua
705 1072 769 1114 non
793 1053 855 1113 sibi
868 1051 961 1127 dona
980 1050 1157 1151 dedissest

265 1158 354 1238 Quae
369 1161 445 1226 dum
465 1165 609 1262 suscepit,
630 1161 670 1226 da
696 1184 746 1225 me
765 1161 947 1241 jubilando
951 1142 1088 1224 recessit.

265 1272 342 1336 Post
363 1272 520 1339 modicum
543 1271 637 1337 rediit
657 1273 749 1335 uiuus
772 1272 972 1352 indignanter
994 1286 1025 1335 et
1045 1273 1176 1356 inquit.

181 1385 222 1444 75
267 1382 348 1445 “Dic
370 1384 513 1461 miti,'
482 1406 514 1446 st
535 1384 637 1461 nosti,
666 1381 744 1466 quid
764 1385 826 1445 sint
847 1406 927 1466 quae
950 1382 1033 1446 dona
1055 1383 1210 1448 tulisti?”

192 1504 197 1510 ·
262 1493 371 1556 Juravi
391 1515 449 1576 per
469 1514 559 1572 eum,
592 1495 647 1576 qui
668 1506 779 1556 cuncta
801 1493 858 1555 scit
881 1493 1140 1576 omnipotentem,

264 1602 446 1686 Numquam
468 1603 613 1680 vidisse„
629 1605 753 1685 penitus
775 1601 937 1685 quidsint
958 1627 994 1667 ea
1014 1604 1104 1685 scire,

265 1709 347 1775 Nom
370 1710 536 1791 sigillatum
555 1713 658 1794 patuit
679 1710 757 1775 mihi
778 1714 857 1774 scire
878 1726 1034 1794 negatum.
1101 1756 1104 1761 -

265 1820 357 1886 Tunc
378 1822 422 1885 ait
442 1822 515 1886 illa:
546 1823 621 1886 “tuo
652 1820 704 1885 dio'
726 1805 895 1887 contribuli
915 1818 1096 1899 velamico,

182 1935 223 1991 80
266 1927 410 2015 Usquam
433 1932 460 1994 si
481 1934 587 2013 nullus
611 1933 660 1998 vir
680 1935 751 2016 plus
774 1935 856 1996 foret
877 1933 904 1996 is
926 1933 987 1997 nisi
1008 1934 1105 2008 solus,
1183 2012 1188 2023 .

268 2041 325 2105 Ille
353 2043 407 2105 vsi
426 2042 462 2105 in
485 2042 589 2133 dotem
611 2044 688 2106 mihi
708 2043 862 2107 mundum
888 2046 915 2107 si
938 2043 1026 2107 daret
1046 2065 1187 2134 omnent,

264 2151 399 2223 Nubere,
415 2154 492 2221 nolo
514 2156 584 2232 sibi,
606 2153 655 2217 dic
678 2166 713 2217 tu
737 2150 904 2218 ueraciter
917 2156 991 2218 ittt.”
1013 2208 1017 2217 .
1104 2184 1123 2217 .-

266 2261 365 2327 Nunc-
375 2286 456 2347 opus
479 2277 526 2327 cst
541 2263 643 2341 aliana,
661 2283 736 2327 reor
750 2276 794 2342 ut,
812 2264 890 2327 mihi
903 2285 1031 2345 poscere
1042 2285 1208 2347 sponsam,

228 2390 231 2395 ·
267 2367 357 2445 Quae
380 2393 444 2435 non
465 2372 581 2435 furtiva
603 2391 698 2454 quem
721 2384 842 2433 suescat
864 2393 968 2437 amare
989 2391 1086 2452 super
1103 2368 1186 2433 mei.

181 2689 221 2747 ss
267 2648 337 2738 Sed
357 2672 495 2740 Rddlieb
514 2689 633 2769 mater,
655 2674 875 2764 quodcumque
898 2691 1018 2765 potest,
1040 2695 1192 2767 operatur

263 2794 301 2855 ln
325 2775 443 2875 Christi
463 2792 610 2875 miseros,
634 2790 761 2873 viduas,
780 2797 892 2875 orbos,
905 2797 1111 2877 peregrinos.

265 2898 344 2985 lude
355 2903 563 2979 merehatur,
586 2902 671 2986 quod
695 2901 829 2975 Rddlieb
853 2905 943 2968 valde
965 2909 1091 2982 beatur‚'
1187 2960 1200 2973 ,ι

220 3018 228 3029 ’
257 3011 415 3097 Νειιιιᾳιιό
432 3014 550 3076 revelat
572 3013 617 3093 ei,
636 3014 713 3078 uelit
736 3016 820 3076 hunc
846 3037 939 3098 quam
961 3016 1145 3101 glorificare.

264 3102 442 3188 insomnis
466 3123 694 3213 geminosvice
718 3123 855 3208 quadam
875 3124 996 3187 viderat
1019 3148 1124 3209 apros,
1165 3166 1168 3171 ·

181 3244 221 3298 90
264 3236 333 3299 Hos
353 3232 544 3319 grandisque
566 3256 659 3296 suum
683 3236 848 3298 comitatur
869 3233 961 3296 dente
983 3235 1141 3315 minaeum

266 3345 394 3421 Turba,
416 3346 502 3427 uelut
525 3346 642 3407 balium
665 3366 735 3407 cum
760 3321 894 3405 thtieb
915 3345 994 3406 inire
1012 3326 1203 3427 minantum.

194 3481 197 3485 ·
264 3455 319 3515 lile
342 3453 396 3517 aed
420 3457 546 3537 utrique
570 3467 663 3536 caput
685 3474 761 3536 apro
784 3450 891 3534 diripit
913 3476 1008 3533 cuso,¹
1057 3522 1063 3533 ,
1165 3502 1168 3509 .

269 3561 426 3647 Quodque
444 3585 538 3631 suum
563 3565 665 3647 iuerat
684 3563 871 3641 sericatum,
893 3576 995 3644 strage
1009 3562 1157 3643 cadebat.

265 3675 341 3736 Post
362 3676 463 3759 nrater
483 3673 581 3735 tiliam
603 3674 696 3753 latam
718 3671 857 3755 ridet-et
879 3674 1100 3759 nimis·altam,

182 3791 222 3846 95
266 3783 302 3844 lu
326 3786 557 3861 cujuscummo
578 3781 715 3863 residere
738 3783 897 3847 cacumine
920 3784 1044 3847 fulchro

67 3904 182 3963 rotant
268 3888 402 3971 Rddlieb
424 3896 591 3975 cernebat,
597 3895 706 3975 circa
720 3915 814 3977 quem
835 3897 1010 3981 plurima
993 3897 1094 3959 stabat

260 4000 302 4060 ln
326 3996 419 4060 ramis
443 4001 536 4061 turba
555 3968 652 4064 vetuti
667 4004 797 4085 ¹bellare
814 4016 934 4085 parata.
975 4034 999 4091 ':
1026 4058 1054 4087 ·..
1094 4038 1114 4087 :··

266 4107 340 4170 Post
361 4105 517 4179 modicum
540 4111 632 4195 niuea
654 4112 741 4176 veuit
762 4114 902 4201 speciosa
920 4113 1110 4218 ⁰⁰¹⁰mbit:
