2640 4650
134 278 200 346 188
362 270 662 344 ttttonnlttss
705 275 923 377 fragmxlll.

218 510 282 591 Qui
304 511 429 575 dicunt:
461 514 616 593 ‘prompte
636 510 695 574 tibi
717 511 940 575 subveniemus
959 514 994 574 in
1014 512 1074 576 hoo
1100 505 1161 577 re.’

154 616 158 628 ’
220 622 355 687 thtieb
379 635 451 704 post
474 621 617 684 dominas
638 622 758 704 pariter
778 617 892 683 direxit
914 641 966 684 eas
987 633 1061 702 tres,

222 731 310 810 Quae
332 734 392 795 cito
414 752 530 798 venere
552 744 625 793 nata
645 741 816 812 praeeunte
839 729 1022 813 mo[deste].

220 841 341 905 Contra
362 861 440 923 quae
464 861 574 919 agmen
596 841 733 902 surrexit
755 841 799 904 eis
821 838 860 901 ad
876 841 1044 903 honorem.

46 970 50 977 ·
135 955 177 1016 45
221 950 334 1012 Cirneti
353 950 428 1012 dum
451 948 602 1027 resident,
623 934 758 1031 spatium
780 953 876 1016 breve
897 952 1129 1033 conticuerunt,

220 1063 311 1124 Tunc
334 1058 469 1123 thtieb
493 1059 590 1138 surgit
612 1071 643 1120 et
661 1071 695 1120 ut
717 1061 893 1122 auscultent
912 1060 973 1122 sibi
993 1062 1106 1142 poscit.

219 1173 278 1235 Hie
299 1182 372 1255 post
392 1169 577 1233 contribulis
594 1178 722 1249 pactum
746 1165 825 1229 dixit
846 1170 898 1230 vel
919 1170 1025 1232 amicis

221 1321 229 1344 .
273 1323 281 1343 .
326 1280 412 1366 quod
435 1294 464 1342 et
508 1323 517 1341 .
559 1321 567 1339 .
608 1289 714 1339 rveret
737 1277 771 1338 in
801 1279 982 1342 alterutrius
1005 1260 1157 1346 amorem.

220 1433 492 1457 ......
535 1388 678 1452 sivellet
720 1431 728 1449 .
773 1418 782 1448 a
827 1433 836 1452 .
880 1433 888 1452 .

19 1509 1041 1597 tot.oot1.50····›·7········

217 1612 309 1673 lllum
332 1611 359 1670 si
381 1612 493 1679 vellet,
514 1607 665 1686 rogitant,
686 1628 798 1688 parum
823 1626 950 1690 quoque
969 1604 1061 1687 ridet,

219 1722 296 1783 Post
314 1718 373 1780 ait:
405 1719 454 1778 ‘an
477 1737 603 1780 servum
630 1716 727 1777 nolim
751 1713 827 1779 ludo
849 1730 1041 1799 superatum,

221 1832 352 1893 Tessere
375 1849 469 1912 quem
490 1826 552 1890 vici
572 1828 630 1887 sub
652 1827 723 1887 talis
747 1828 878 1889 foenore
898 1827 991 1909 pacti,

218 1939 282 2002 Seu
306 1940 427 2014 vincat,
453 1958 507 1998 seu
531 1938 728 2012 succumbat,
756 1938 816 1998 soli
836 1935 914 1998 mihi
934 1928 1062 1999 nubat(

133 2053 174 2111 55
218 2048 341 2114 Serviat
363 2047 499 2125 obnixe,
519 2047 610 2123 volo,
633 2066 697 2127 quo
716 2045 794 2107 mihi
813 2056 905 2107 nocte
923 2043 1048 2129 dieque,
1078 2098 1081 2105 .

219 2156 313 2234 Quod
336 2170 426 2219 tanto
448 2158 559 2218 melius
583 2159 672 2233 iacit,
701 2168 747 2217 est
767 2169 851 2219 tanto
875 2157 953 2248 mihi
974 2156 1090 2219 karus!

219 2262 314 2328 'Pone
336 2267 417 2328 risus
440 2287 569 2345 magnus
582 2267 616 2328 fit
632 2268 671 2327 ab
692 2265 837 2328 omnibus
856 2277 949 2347 atque
972 2265 1153 2350 cachinnus,
1203 2266 1212 2281 ''

216 2376 296 2436 Tam
319 2377 551 2458 praesumptive
574 2376 715 2457 loquitur
737 2374 822 2458 quod
845 2387 908 2437 tam
930 2378 982 2439 vel
1003 2377 1111 2440 amice.

212 2485 289 2563 Ejus
310 2498 340 2547 at
364 2498 399 2546 ut
421 2496 552 2545 matrem
576 2496 708 2545 cernunt
731 2486 807 2546 haec
828 2506 895 2549 non
914 2499 1110 2566 renuentem,

131 2599 172 2656 60
215 2596 256 2656 Et
276 2616 374 2675 genus
396 2597 561 2657 amborum
582 2615 641 2675 par
663 2615 819 2677 posseque
840 2594 1031 2689 divitiarum,
1147 2577 1150 2582 Ι

141 2757 144 2764 .
214 2705 395 2769 Discutiunt
415 2717 504 2766 caute
528 2708 609 2766 bene
631 2706 820 2767 conveniant
841 2701 927 2786 quod
946 2706 1116 2788 utrimque,

215 2816 305 2876 Hanc
327 2813 512 2896 desponsari
536 2815 597 2875 sibi
618 2826 744 2876 censent
764 2815 830 2893 lege
853 2813 959 2893 jugali.

218 2926 361 3007 Sponsus
385 2937 417 2985 at
439 2925 576 2987 extraxit
599 2944 742 2988 ensemve
762 2922 915 3004 piramide
937 2924 1034 2986 tersit.

213 3038 337 3099 Anulus
360 3036 392 3098 in
416 3038 528 3118 capulo
554 3035 635 3097 fixus
657 3035 718 3096 fuit
738 3056 852 3096 aureus
877 3036 957 3116 ipso,

131 3156 171 3213 65
214 3150 317 3212 Affert
339 3169 432 3232 quem
455 3166 589 3228 sponsae
612 3145 907 3226 sponsus,quicebat
930 3158 960 3207 et
981 3145 1022 3209 ad
1044 3167 1088 3224 se,

213 3261 347 3320 ‘Anulus
370 3270 406 3319 ut
426 3256 557 3336 digitum
577 3255 692 3316 circum
714 3256 796 3336 capit
816 3253 957 3338 undique
977 3269 1086 3334 totum,

217 3365 269 3427 Sic
292 3350 352 3427 tibi
373 3367 493 3445 stringo
518 3361 757 3426 fidem-firmam
779 3366 831 3426 vel
852 3365 1077 3444 perpetualem,

203 3475 305 3537 ¹Hanc
328 3495 454 3537 servare
477 3475 555 3537 mihi
580 3473 673 3535 debes
695 3487 748 3535 ant
773 3471 961 3555 decapitari!

216 3582 305 3661 Quae
328 3585 401 3646 eatis
423 3597 523 3646 astute
545 3584 652 3661 juveni
674 3583 845 3664 respondet
868 3595 898 3644 et
919 3594 1008 3663 apte:

132 3705 173 3757 70
217 3691 372 3755 iudicium
394 3694 494 3774 parile
516 3692 604 3754 decet
625 3704 660 3754 ut
683 3695 822 3774 patiatur
840 3706 982 3775 uterque.

216 3800 283 3862 Cur
306 3820 431 3862 servare
452 3800 544 3863 iidem
567 3801 625 3862 tibi
645 3798 762 3876 debeo,
787 3799 853 3875 dio,
876 3800 1049 3873 meliorem,

215 3906 317 3983 Quam
341 3907 418 3968 mini
438 3919 472 3968 tu
496 3904 614 3990 debes?
635 3909 715 3985 Dic,
736 3912 763 3970 si
785 3905 954 3968 defendere
975 3906 1087 3988 possis,

162 4096 165 4111 1
214 4017 249 4079 Si
271 4018 407 4080 licuisset
432 4015 538 4093 Adae,
559 4018 722 4080 moecham
745 4015 932 4105 superaddat
955 4029 991 4077 ut
1011 4015 1107 4099 Evae,
1216 3990 1241 4053 .'

213 4128 317 4192 Unam
343 4150 411 4193 cum
433 4138 557 4211 costam·
570 4127 685 4190 iaceret
708 4124 784 4191 deus
802 4128 837 4189 in
859 4126 1033 4201 mstlierem,
