2640 4650
463 309 846 383 wanuflsulos.
1149 326 1177 389 ³

142 431 1155 460 Ἣ

178 937 314 1069 Tertia
335 1021 408 1084 pars
431 1000 534 1082 orbis,
563 1003 693 1083 fratres,
720 1005 848 1087 Europa
869 1019 1011 1089 vocatur,

227 1109 374 1173 Moribus
396 1133 431 1172 ac
451 1111 566 1191 linguis
590 1116 693 1177 varias
716 1127 746 1176 et
766 1117 894 1178 nomine
915 1133 1022 1198 gentes

194 1221 197 1224 ⁴
226 1219 431 1300 Distinguens
454 1224 558 1299 cultu,
579 1235 646 1284 tum
669 1225 831 1304 relligione
848 1241 1057 1309 sequestrans.

226 1331 313 1392 Inter
335 1351 412 1413 quas
436 1353 510 1410 gens
531 1331 714 1393 Pannoniae
736 1332 874 1396 residere
895 1340 1065 1417 probatur,

167 1443 186 1495 5
231 1435 333 1512 Quam
354 1451 459 1499 tamen
485 1451 515 1499 et
539 1441 652 1502 Hunos
678 1443 864 1525 plerumque
887 1465 1001 1507 vocare
1024 1450 1170 1515 solemus.

227 1547 287 1610 Hic
308 1550 446 1630 populus
467 1550 556 1612 fortis
579 1551 694 1614 virtute
717 1552 840 1632 uigebat
861 1565 892 1615 et
914 1558 1025 1635 armis,

227 1656 300 1718 Non
325 1659 441 1720 circum
462 1658 579 1740 positas
602 1661 704 1722 solum
728 1659 884 1722 domitans
907 1663 1066 1743 regiones,

227 1767 358 1830 Litteris
381 1765 499 1831 Oceani
522 1769 576 1830 sed
603 1771 850 1851 pertransiverat
871 1792 959 1850 oras,

227 1876 369 1939 Foedera
391 1879 585 1959 supplicibus
608 1879 728 1941 donans
754 1883 959 1961 sternensque
985 1883 1128 1944 rebelles.

146 1989 185 2043 1o
228 1985 318 2048 Ultra
342 1986 486 2049 millenos
508 1988 609 2049 fertur
632 1987 824 2050 dominarier
849 2004 960 2047 anuos.

229 2094 325 2154 Attila
346 2115 404 2155 rex
426 2093 563 2175 quodam
584 2094 656 2153 tulit
676 2094 754 2154 illud
777 2100 919 2172 tempore
939 2111 1086 2166 reguum,

227 2201 364 2280 Impiger
385 2200 531 2280 antiquos
553 2200 678 2260 sibimet
698 2219 853 2262 renovare
873 2198 1063 2278 triumphos.

58 2294 61 2299 ’
129 2348 131 2353 -
231 2305 294 2383 Qui
315 2329 372 2370 sua
394 2321 493 2370 castra
513 2328 644 2373 movens
669 2307 829 2370 mandavit
848 2308 949 2370 visere
970 2307 1126 2387 Francos,

228 2415 372 2493 Quorum
394 2438 454 2479 rex
474 2418 609 2501 Gibiclto
633 2417 713 2479 solio
735 2419 874 2500 pollebat
895 2417 926 2477 in
951 2419 1031 2493 alto,

145 2534 185 2591 15
227 2529 321 2591 Prole
344 2549 454 2590 recens
477 2540 546 2590 orta
570 2525 727 2607 gaudens,
758 2548 853 2608 quam
874 2539 984 2607 'postea
1006 2548 1119 2591 narro:

228 2639 373 2720 Namque
396 2659 514 2699 marem
537 2637 657 2716 genuit,
680 2656 773 2716 quem
786 2635 997 2697 Guntharium
1014 2637 1173 2702 vocitavit.
1196 2627 1199 2632 ¹

227 2775 297 2815 ama
319 2754 429 2815 uolans
451 2748 559 2831 pavidi
579 2751 661 2830 regis
682 2750 916 2813 transuerberat
939 2767 1048 2824 aures,

229 2862 348 2922 Dicens
368 2860 515 2922 hostilem
538 2881 673 2921 cuneum
696 2859 829 2921 transire
852 2877 911 2937 per
931 2855 1091 2932 Histrum,

230 2970 418 3031 Vincentem
441 2987 574 3030 numero
597 2969 700 3029 stellas
721 2982 815 3050 atque
837 2965 937 3026 amnis
959 2985 1080 3028 arenas.

149 3079 191 3132 20
234 3071 316 3148 Qui,
344 3094 409 3133 nou
433 3074 592 3135 confidens
614 3076 707 3138 armis
732 3090 762 3138 et
785 3079 901 3138 robore
924 3075 1041 3155 plebis,

236 3178 411 3242 Concilium
435 3180 532 3260 cogit,
561 3201 641 3261 quae
663 3183 726 3244 sint
746 3184 889 3245 facienda
910 3183 1052 3263 requirit.

234 3287 428 3352 consensere
451 3310 577 3356 onmes:
611 3289 724 3354 foedus
747 3291 860 3355 debere
882 3289 1020 3372 precari,

231 3397 272 3460 Et
293 3396 435 3478 dextras,
463 3401 491 3463 si
512 3401 594 3462 forte
617 3397 745 3479 darent,
777 3407 965 3479 conjungere
988 3397 1122 3475 dextris,

232 3506 468 3593 Obsidibusque
493 3506 571 3570 datis
594 3529 721 3572 censum
742 3510 923 3589 persolvere
944 3513 1083 3587 jussum3

145 3622 187 3678 25
231 3617 300 3680 Hoc
321 3618 433 3679 melius
456 3618 542 3692 fore,
575 3637 670 3698 quam
693 3615 789 3679 vitam
811 3616 905 3676 sinml
927 3636 961 3675 ac
983 3613 1143 3693 regionem

229 3720 445 3803 Perdiderint,
475 3736 628 3805 natosque
652 3742 726 3785 suos
748 3724 929 3804 pariterque
953 3722 1089 3784 maritas.

199 3939 217 3987 9
237 3936 316 3990 donat
333 3941 477 4006 sternitque
494 3940 529 3992 G.
568 3941 600 3991 11
621 3938 708 3992 Etcilo
726 3939 754 4005 l,
774 3941 827 3992 und
846 3942 997 3994 immerso.
1042 3940 1077 3989 15
1096 3935 1128 3988 de
1148 3941 1175 3986 te

145 4038 237 4077 recens
254 4027 286 4079 Δ,
351 4034 385 4082 to
410 4031 559 4082 recitarunt
579 4033 610 4084 A.
676 4036 711 4083 ls
730 4031 847 4098 hystrum
866 4034 898 4085 B.
926 4038 1026 4098 ystrum
1046 4030 1077 4083 G.
1139 4031 1176 4077 20

145 4116 192 4169 uel
211 4115 243 4169 B.
296 4121 332 4169 2³
351 4118 387 4172 Et
405 4121 428 4173 si
446 4121 514 4174 forte
531 4121 623 4174 darent
645 4122 750 4176 dextras
769 4124 791 4177 l.

900 4219 950 4282 1*
