2640 4650
170 287 237 353 uto
556 274 811 343 nonasts.

174 522 235 579 785
278 514 327 575 Ab
348 511 492 591 speculae
514 509 623 591 primis
645 507 788 570 delectur
809 508 886 569 sella
909 508 1050 589 curulis,

277 622 400 701 Vulpes
422 618 551 680 subrisit
571 614 648 679 dum
669 617 789 696 sculpta
810 616 948 678 scabella
968 618 1113 685 locavit.

279 729 367 794 Fecit
389 726 572 807 adoptiuum
593 724 725 804 vulpina
747 726 858 785 astutia
879 722 1033 805 pardum.

279 836 437 901 Praetulis
458 835 563 896 ollicio
591 833 696 911 vulpis
717 852 796 910 grex
817 835 953 895 conticet
982 838 1111 919 omnis,

279 946 356 1009 Non
378 964 523 1005 murmur
541 953 687 1015 resonat,
704 941 790 1020 pacis
814 940 985 1005 concordia
1009 960 1156 1012 constat.

178 1060 239 1117 :so
281 1051 378 1116 Finita
398 1049 561 1112 unicornis
585 1048 642 1109 ubi
664 1049 867 1109 memorabile
889 1050 1026 1132 Materni,

283 1159 406 1239 Vulpes
429 1157 607 1235 consurgit,
630 1154 794 1217 cristallina
815 1158 942 1220 vascula
962 1162 1103 1241 promit,

284 1266 357 1329 Non
380 1268 482 1327 solum
506 1267 634 1346 vulpes,
658 1262 713 1324 sed
734 1268 834 1327 multo
858 1266 1048 1349 nobiliores,

281 1378 371 1438 Potio
393 1377 463 1437 talis
487 1374 591 1448 adest,
612 1394 693 1455 quae
715 1394 810 1435 versu
843 1374 947 1435 dicere
969 1394 1041 1437 non
1067 1391 1129 1455 est,

283 1482 385 1559 Quam
406 1496 534 1565 portant
553 1485 619 1562 regi
639 1484 821 1563 psallentes,
855 1501 942 1544 more
964 1485 1138 1563 precandi.

635 1593 746 1652 oratio.

180 1706 241 1765 795
283 1696 366 1773 ‘Quo
389 1699 457 1759 sine
479 1718 570 1758 tremo
591 1711 710 1778 potest,
738 1696 795 1779 qui
809 1697 895 1778 ¹mire
918 1695 1051 1761 condita
1080 1704 1214 1782 profert,

286 1806 350 1882 Qui
369 1807 477 1867 laciem
500 1806 579 1866 coeli
600 1804 740 1884 depingit
761 1803 864 1867 sidere
891 1806 988 1886 pluri,

286 1915 415 1977 Huncce
437 1934 541 1993 regem
565 1911 711 1986 decoret,
739 1934 845 1993 regem
868 1934 938 1977 cum
960 1911 1080 1977 decore
1105 1920 1216 1981 salvet.

287 2024 338 2086 Sic
360 2046 417 2086 sua
438 2035 609 2105 perpetuus
630 2044 694 2085 non
721 2020 844 2083 claudat
864 2022 985 2082 lumina
1008 2042 1158 2104 somnus,

286 2133 347 2196 Sed
370 2155 427 2194 sua
448 2145 602 2215 perpetuo
625 2143 808 2211 vegetentur
829 2133 969 2192 membra
991 2135 1115 2213 vigore,

183 2246 246 2300 800
289 2240 329 2301 Et
352 2252 481 2319 peragat
504 2241 656 2320 placitura
678 2261 736 2320 per
759 2242 855 2301 multa
880 2237 1033 2300 decennia
1058 2243 1174 2325 vitam,

289 2349 356 2410 Nec
380 2348 440 2408 sibi
461 2348 500 2408 sit
522 2347 649 2410 medicis
672 2368 752 2427 opus
774 2369 925 2429 unquam,
947 2367 1006 2408 nec
1024 2349 1091 2411 sibi
1106 2373 1202 2419 casus

292 2457 357 2515 Aut
376 2457 507 2515 morbus
530 2456 628 2516 ullum
651 2457 776 2535 pariant
798 2455 989 2539 quandoque
1007 2430 1156 2525 laborem
1165 2482 1181 2535 ς·

291 2560 353 2623 Sed
375 2564 485 2642 procul
509 2584 527 2623 a
548 2564 630 2626 curis
655 2576 685 2625 et
707 2583 783 2626 sano
807 2585 940 2646 corpore
960 2563 1060 2627 vivat.

291 2672 346 2733 Nil
367 2693 464 2753 prave
487 2674 592 2755 cupiat
600 2718 609 2752 ,
632 2673 742 2750 faciat,
774 2695 832 2735 nec
855 2674 994 2755 proferat
1015 2694 1176 2757 unquam,

187 2786 248 2840 805
292 2779 340 2841 Sit
360 2781 425 2844 vita
447 2783 587 2863 locuples
609 2797 639 2846 et
663 2782 780 2844 Christi
803 2803 933 2843 munere
955 2779 1078 2845 divesl’

292 2891 337 2952 Ut
360 2889 429 2952 fluit
451 2913 585 2955 oceanus
608 2890 699 2953 fluxit
720 2903 815 2971 potus
836 2892 1010 2971 piperatos.

297 2999 426 3080 Singula
462 3002 537 3083 quid
568 2996 763 3063 memorent?
804 3012 953 3079 superent
990 3017 1061 3058 cum
1091 2999 1222 3079 singula

987 3103 1129 3180 landem,

296 3217 398 3279 Nemo
419 3218 525 3297 potest
547 3216 667 3297 scriptis
691 3237 819 3279 coenam
846 3215 1012 3298 depingere
1034 3213 1129 3293 regis.

297 3325 383 3386 Inter
405 3322 625 3404 prandendum
649 3328 699 3387 leo
722 3338 879 3388 scrutatur
902 3347 983 3388 nova
1012 3320 1170 3404 pardum:

192 3437 254 3494 sto
298 3432 376 3493 ‘Cur
399 3445 427 3493 te
451 3436 651 3496 subtraheres
670 3433 824 3515 paribus?
846 3437 930 3511 volo,
943 3446 977 3495 tn
993 3431 1071 3493 mihi
1091 3453 1220 3518 narres,

297 3541 442 3602 Tardasti
463 3545 618 3621 multnm3
638 3543 718 3608 velle
738 3557 801 3621 est,
830 3563 1016 3623 cognoscere
1037 3548 1181 3609 eertum)

645 3653 772 3734 pardus.

299 3755 446 3819 ‘Somnus
468 3769 498 3819 te
523 3759 655 3839 fugitat,
676 3761 838 3841 uigilantia
860 3773 891 3823 te
914 3760 1081 3836 cruciabat,

300 3863 458 3926 Coudolui
479 3869 553 3944 tibi,
576 3890 639 3931 uon
662 3891 792 3950 parcens
814 3870 905 3943 mihi,
928 3886 1065 3945 congrua
1087 3868 1177 3931 vexi:

193 4014 449 4027 ——-————

271 4104 324 4151 tes
342 4102 420 4153 stella
436 4100 466 4153 Α.
487 4098 518 4152 Β.
