2640 4650
174 283 238 353 sto
556 274 811 342 ncnlsts.

286 510 375 573 Visis
392 507 512 585 arrisit,
542 525 631 568 caros
652 505 711 567 sibi
732 502 859 568 foedere
880 510 994 584 jsrnxit.

620 617 766 698 psitacus.

183 739 243 798 955
287 709 422 796 ‘Oceano
444 729 553 810 positis
572 728 653 806 regis
676 726 711 787 fit
733 728 816 788 fama
835 727 975 802 jacentis.

287 841 343 903 Est
364 837 440 922 quia
462 836 603 900 divinum
624 836 799 915 languentis
820 835 921 896 visere
943 846 1096 914 stratum,

285 945 475 1026 compuncti
497 945 632 1006 lacrimis
656 943 768 1024 palmis
789 940 972 1006 deflevimus
992 945 1075 1021 artis,
1105 968 1111 983 ‘

285 1052 406 1120 Ordine
432 1052 564 1117 confuso
586 1051 789 1115 lustravimus
811 1071 883 1112 aere
904 1048 1013 1130 denso,

286 1158 360 1237 Quo
384 1161 434 1225 via
457 1159 496 1222 sit
517 1159 610 1223 nobis
631 1159 744 1223 invidit
764 1159 874 1222 semita
895 1159 1000 1236 nubis,
1103 1192 1109 1200 ,

182 1278 243 1336 960
287 1271 399 1333 Donec
422 1267 599 1349 Burdigalis
621 1290 736 1350 opacae
757 1281 898 1350 tempore
918 1270 1019 1331 noctis

286 1381 338 1444 Fit
359 1379 505 1458 strepitus
527 1379 628 1458 plebis
649 1377 816 1441 matutinos
836 1378 923 1441 inino
943 1379 1092 1459 petentis,

285 1489 431 1569 Namque
453 1486 597 1550 Severini
617 1488 794 1550 celebrabat
814 1488 893 1550 festa
913 1490 1005 1549 beati.

287 1597 430 1679 Cumque
453 1597 572 1675 fatigati
594 1616 793 1671 moraremur
817 1595 855 1659 ad
879 1599 958 1661 atria
979 1598 1086 1673 sancti,

179 1721 185 1730 ·
287 1703 368 1767 Cum
387 1703 511 1786 reliquo
531 1702 627 1781 vulgo
649 1700 827 1764 redibentes
850 1704 970 1765 cantica
991 1702 1125 1781 Christo,

182 1823 244 1881 965
286 1813 367 1876 Mox
393 1832 508 1875 aurora
529 1814 648 1874 rubens
669 1811 806 1876 maturat
833 1813 952 1893 pellere
974 1815 1086 1890 nubes,

283 1912 367 1986 Inde*
382 1920 560 1986 recedentes
580 1909 758 1986 invenimus
779 1923 872 1985 hasce
890 1940 1026 2000 sorores,

288 2029 454 2095 Conductu
475 2051 610 2113 quarum
634 2030 812 2114 quaesitum
833 2031 1011 2096 invenimus
1032 2036 1168 2112 aegrum.

283 2141 367 2221 Ergo
387 2151 576 2222 repetamus.
617 2140 659 2202 sis
681 2141 775 2205 nobis
798 2141 880 2204 fixus
905 2141 1032 2217 amicus,

286 2247 409 2311 Diceris
433 2270 452 2310 a
475 2245 594 2308 cunctis
616 2248 692 2308 clari
711 2249 770 2310 lux
791 2249 888 2311 altera
909 2245 995 2324 solis,

181 2366 243 2423 970
286 2358 332 2419 Te
355 2354 434 2419 duce
455 2353 608 2417 ducamur
615 2399 625 2433 ,
646 2365 677 2418 te
699 2355 856 2438 praeduce
876 2377 952 2419 mox
972 2359 1172 2421 revehamur.

285 2466 371 2527 Haec
392 2464 530 2527 filomela
551 2484 659 2543 soror,
687 2463 802 2525 nimius
833 2484 928 2544 quam
957 2463 1074 2529 detinet
1094 2463 1200 2531 ardor.

288 2571 497 2656 subpeditare
517 2573 575 2636 tibi
595 2574 774 2656 servireque
798 2568 892 2633 corde
912 2568 1007 2648 fideli,
1042 2649 1047 2653 .

285 2685 353 2750 Nos
376 2704 469 2766 prece
491 2681 669 2763 blanditur,
695 2693 730 2746 ut
751 2679 867 2744 Christi
887 2669 1004 2761 pascha
1024 2685 1155 2761 colatur,

283 2792 465 2874 Comprime
477 2804 512 2854 tu
521 2795 697 2875 strepitum,
706 2803 850 2855 nostrum
863 2810 989 2875 quoque
999 2788 1096 2873 dirige
1109 2805 1281 2872 gressum-,⁹³

181 2909 243 2968 975
286 2905 331 2979 It,
357 2902 460 2993 redit,
481 2914 596 2966 attactu
616 2901 680 2967 levi
700 2899 901 2965 introducere
925 2903 1037 2985 coepit,

229 3003 234 3014 '
285 3013 436 3076 Protinus
457 3013 609 3074 intrantes
631 3011 687 3072 has
710 3021 834 3091 ponunt
851 3009 967 3097 'ordine
987 3011 1112 3077 laudes:

287 3117 390 3183 ‘Salve
413 3119 491 3181 festa
514 3117 598 3194 dies,
620 3117 714 3202 quam
739 3117 867 3182 credens
885 3120 1058 3201 magnificat
1077 3123 1200 3207 plebs!’

285 3227 355 3292 Hoc
386 3238 457 3308 post
478 3225 631 3289 odecolou
651 3227 839 3306 graecissant
862 3227 943 3290 kirie
966 3229 1099 3295 eleison·

285 3333 337 3395 Fit
353 3353 419 3397 vox
429 3336 630 3414 omnigenum
644 3338 808 3399 volucrum
818 3337 1038 3421 pecudumque
1051 3341 1196 3414 ferarum,

180 3446 258 3522 980¹
284 3439 517 3525 Multiplicique
541 3442 636 3507 modo
659 3463 746 3506 sacra
766 3445 868 3508 cantio
890 3459 1037 3525 personat
1059 3456 1158 3521 anuo,

289 3546 401 3609 Manes
423 3545 535 3612 devicti
555 3554 662 3635 lugent
683 3570 740 3613 sua
764 3548 879 3614 damna
898 3554 1029 3632 revolvi,
1119 3577 1121 3583 ·

289 3651 401 3729 Cetera
421 3667 505 3733 gesta
528 3654 594 3735 dei,
623 3658 732 3719 recolit
755 3677 835 3740 quae
857 3661 970 3738 pagina
992 3661 1083 3738 libri,

285 3759 412 3840 Lingua·
428 3759 552 3839 judaica
573 3775 716 3840 ructant,
745 3779 916 3849 graecaque
939 3769 1048 3831 latina.

286 3865 331 3928 Ut
355 3871 513 3949 complent
536 3874 655 3951 apices,
686 3890 766 3952 quos
789 3874 897 3937 scribit
922 3874 1010 3954 virgo
1029 3876 1200 3959 lohannes,
1237 3874 1240 3880 ’

252 4106 304 4155 96³
323 4113 483 4163 morarentur
501 4112 532 4161 Α.
607 4111 660 4161 918
678 4106 757 4162 kirrie
866 4176 869 4181 b
