2640 4650
543 257 799 324 uussasts.
897 309 900 312 <
1124 255 1188 319 ‘283

271 489 396 555 Obiciet
418 507 511 550 nenio
534 481 642 547 sordes
667 485 722 547 tibi
735 528 744 562 ,
774 501 851 565 quas
874 485 951 544 mihi
976 487 1077 561 multi,

272 598 336 677 Qui
357 599 415 662 tibi
436 596 627 676 complaceo,
660 595 717 677 qui
738 593 843 673 turpia
866 590 964 654 vincis
984 593 1129 656 honesto.

273 704 389 769 Susum
411 702 524 770 scande
546 716 653 785 pater,
681 702 848 765 mirabitur
875 720 957 762 uuus
978 712 1008 766 et
1028 701 1107 762 alter

167 821 251 879 1155
278 817 374 879 Artus
396 815 536 896 egregios
556 832 709 893 generoso
730 813 918 891 incorpore
939 811 1096 890 sculptos3

275 926 419 988 Mentior
440 936 471 986 at
493 924 520 987 si
541 921 636 1006 quid,
657 920 773 982 merdis
796 931 890 1001 caput
905 917 1055 1002 inquiner
1075 916 1172 978 albis!

275 1034 457 1098 Conservus
478 1033 566 1111 vilis,
603 1052 696 1114 quem
719 1030 818 1092 tardat
843 1041 932 1092 acuta
955 1027 1081 1104 securis,

276 1145 365 1206 Dum
385 1146 480 1223 lupus
502 1138 654 1216 ascendit,
678 1141 799 1215 objecta
826 1137 975 1218 repagula
995 1133 1101 1212 traxit,

212 1323 215 1327 ¹
278 1248 329 1312 Sic
353 1240 438 1311 loras
461 1247 576 1322 exiliit,
609 1257 740 1307 matrem
762 1267 832 1306 cum
856 1256 944 1324 patre
965 1241 1110 1324 reposcit,

165 1360 249 1417 1160
272 1357 380 1441 Ubera
400 1378 471 1418 cum
492 1355 577 1417 suxit
603 1354 695 1414 matri
716 1356 848 1424 laetatus
877 1352 1022 1419 inhaesit.

276 1464 413 1527 Protulit
436 1464 615 1543 exemplar,
636 1462 705 1538 veri
726 1458 813 1542 quod
834 1461 917 1520 lucet
939 1456 1108 1535 adinstar,

275 1573 351 1637 Non
372 1592 496 1655 semper
516 1572 608 1634 ieriet
631 1569 843 1652 quodcunque
864 1569 1036 1630 minabitur
1051 1584 1151 1628 arcus.

270 1683 312 1744 At
332 1684 427 1763 lupus
448 1703 467 1742 a
485 1693 576 1742 tauro
600 1691 714 1740 trunco
742 1673 908 1758 configitur
937 1680 1012 1740 alto.
1199 1661 1200 1664 ¹

273 1793 396 1872 Vulpes
418 1793 503 1853 hunc
525 1790 650 1870 gemino
673 1783 829 1850 collaudat
852 1785 965 1868 pollice
986 1781 1108 1858 ludum,

166 1906 250 1963 1165
278 1901 365 1976 llaec
387 1920 488 1980 pravo
510 1901 661 1980 scriptum
679 1895 835 1976 praedoni
855 1896 987 1979 perhibe
1008 1906 1133 1976 aptumz

575 2006 780 2086 epitaphium.
813 2056 827 2068 .

273 2110 351 2171 ‘Hoc
368 2108 497 2189 legimus
515 2112 676 2192 scriptum,
697 2111 859 2174 credamus
872 2122 902 2172 et
913 2132 977 2173 esse
993 2111 1170 2192 probatum,

272 2217 340 2278 Vae
363 2216 420 2298 qui
440 2215 617 2297 praedaris,
651 2217 801 2301 quoniam
822 2214 1024 2298 praedaberis
1043 2218 1128 2298 ipse;

271 2322 434 2384 Mercator
456 2335 606 2401 mortem,
635 2324 690 2409 qui
712 2324 830 2387 fraudis
849 2322 948 2403 diligit
969 2335 1076 2401 artem,

274 2431 340 2495 Nec
365 2432 466 2513 capiet
493 2432 610 2511 risum,
639 2436 695 2517 qui
715 2432 759 2497 sic
786 2445 922 2495 sectatur
940 2432 1096 2516 iniquum,

164 2547 247 2604 1170
268 2540 345 2604 Inde
367 2562 401 2603 se
424 2540 530 2621 discat,
550 2543 606 2626 qui
625 2547 705 2622 juste
725 2543 833 2610 vivere
849 2540 971 2605 tardat?

271 2649 353 2710 Mox
373 2650 492 2730 patrios
513 2652 651 2730 ingressa
670 2654 753 2713 lares
779 2653 918 2713 eliminat
939 2652 1054 2728 hostes,
1108 2717 1114 2731 ,

272 2758 356 2821 Nam
376 2779 501 2820 murum
525 2756 663 2834 scandit,
685 2757 766 2822 caris
789 2758 1039 2836 cumfratribus,
1059 2755 1189 2842 inquid:

273 2864 400 2925 ‘Divitis
423 2884 517 2926 omne
540 2867 674 2943 bonum,
696 2865 810 2928 sinon
837 2868 933 2930 fuerit
955 2867 1127 2929 stabilitum

274 2969 435 3050 Consilio,
457 2973 598 3051 ratione,
624 2972 736 3054 modo,
758 2976 837 3038 solet
858 2975 1053 3052 adnichilari,

165 3080 250 3137 1175
276 3077 386 3159 Aeque
411 3082 584 3158 neglectum
606 3082 715 3161 pueris
745 3082 911 3164 senibusve
934 3083 1093 3146 nocivum.

269 3184 357 3262 Quae
380 3193 481 3266 major
501 3191 616 3272 pestis,
637 3192 720 3269 heu,
744 3190 859 3275 quidve
883 3191 1048 3254 nocentius
1068 3190 1148 3274 istis

273 3287 461 3388 Aspidibus,
483 3301 641 3378 colubris,
669 3302 820 3364 basiliscis
842 3315 937 3386 atque
960 3296 1129 3365 chelidris?

272 3406 312 3466 Et
335 3419 438 3469 tamen
462 3409 520 3472 hos
551 3411 654 3474 fertur
675 3413 826 3493 superare
848 3409 1036 3474 domesticus
1062 3412 1189 3494 hospes.

266 3514 350 3592 Quid
372 3517 476 3583 tardat
495 3520 638 3602 sapiens,
670 3522 778 3584 forsan
801 3523 828 3584 si
850 3523 967 3605 ceperit
986 3524 1103 3601 hostes,

163 3627 246 3682 1180
267 3622 311 3684 Ni
330 3625 405 3703 liget
426 3648 461 3688 ac
483 3627 615 3702 cruciet,
637 3629 784 3691 obstruso
806 3650 929 3693 carcere
953 3625 1101 3691 damnet?
1182 3689 1186 3697 ,

269 3730 483 3813 Compedibus
500 3738 576 3797 tales
596 3757 674 3798 num
696 3740 754 3800 sub
778 3739 904 3803 custode
930 3735 1074 3801 tenebit?

265 3839 366 3902 Moris
391 3854 474 3918 erat,
497 3843 638 3906 fortassis
660 3845 728 3922 erit,
761 3845 837 3910 dum
863 3847 997 3932 quisque
1019 3848 1143 3927 vigebit,

214 4074 282 4123 116³
301 4071 430 4150 vielleicht
447 4082 574 4134 truncus?
651 4087 720 4136 1110
737 4086 791 4138 ints
808 4088 839 4140 1.
896 4087 964 4140 titt
981 4081 1136 4137 adnichilare
1156 4086 1187 4145 A.
