<?xml version="1.0" encoding="UTF-8"?>
<!DOCTYPE html PUBLIC "-//W3C//DTD XHTML 1.0 Transitional//EN"
    "http://www.w3.org/TR/xhtml1/DTD/xhtml1-transitional.dtd">
<html xmlns="http://www.w3.org/1999/xhtml" xml:lang="en" lang="en">
 <head>
  <title>
</title>
<meta http-equiv="Content-Type" content="text/html;charset=utf-8" />
  <meta name='ocr-system' content='tesseract 3.04.00' />
  <meta name='ocr-capabilities' content='ocr_page ocr_carea ocr_par ocr_line ocrx_word'/>
</head>
<body>
  <div class='ocr_page' id='page_1' title='image "./lateinischegedi00schmgoog/lateinischegedi00schmgoog_0053.png"; bbox 0 0 2640 4650; ppageno 0'>
   <div class='ocr_carea' id='block_1_1' title="bbox 149 415 475 445">
    <p class='ocr_par' dir='ltr' id='par_1_1' title="bbox 149 415 475 445">
     <span class='ocr_line' id='line_1_1' title="bbox 149 415 475 445; baseline 0 -8"><span class='ocrx_word' id='word_1_1' title='bbox 149 415 475 445; x_wconf 41' lang='lat' dir='ltr'><strong>-u--q‘</strong></span> 
     </span>
    </p>
   </div>
   <div class='ocr_carea' id='block_1_2' title="bbox 150 520 1178 1686">
    <p class='ocr_par' dir='ltr' id='par_1_2' title="bbox 319 520 700 585">
     <span class='ocr_line' id='line_1_2' title="bbox 319 520 700 585; baseline -0.01 -1"><span class='ocrx_word' id='word_1_2' title='bbox 319 523 374 584; x_wconf 88' lang='lat' dir='ltr'><strong>Sol</strong></span> <span class='ocrx_word' id='word_1_3' title='bbox 397 523 471 585; x_wconf 84' lang='lat' dir='ltr'><strong>solie</strong></span> <span class='ocrx_word' id='word_1_4' title='bbox 492 521 525 582; x_wconf 91' lang='lat' dir='ltr'><strong>in</strong></span> <span class='ocrx_word' id='word_1_5' title='bbox 549 520 700 580; x_wconf 80' lang='lat' dir='ltr'><strong>stellifero</strong></span> 
     </span>
    </p>

    <p class='ocr_par' dir='ltr' id='par_1_3' title="bbox 318 625 705 700">
     <span class='ocr_line' id='line_1_3' title="bbox 318 625 705 700; baseline -0.01 -10"><span class='ocrx_word' id='word_1_6' title='bbox 318 630 430 691; x_wconf 85' lang='lat' dir='ltr'><strong>Stellas</strong></span> <span class='ocrx_word' id='word_1_7' title='bbox 453 625 574 690; x_wconf 82' lang='lat' dir='ltr'>excedit</span> <span class='ocrx_word' id='word_1_8' title='bbox 604 625 705 700; x_wconf 88' lang='lat' dir='ltr'><strong>radin,</strong></span> 
     </span>
    </p>

    <p class='ocr_par' dir='ltr' id='par_1_4' title="bbox 318 733 748 820">
     <span class='ocr_line' id='line_1_4' title="bbox 318 733 748 820; baseline -0.005 -21"><span class='ocrx_word' id='word_1_9' title='bbox 318 736 380 799; x_wconf 87' lang='lat' dir='ltr'><strong>Sed</strong></span> <span class='ocrx_word' id='word_1_10' title='bbox 404 739 496 799; x_wconf 89' lang='lat' dir='ltr'><strong>unica</strong></span> <span class='ocrx_word' id='word_1_11' title='bbox 527 758 623 820; x_wconf 85' lang='lat' dir='ltr'><strong>quam</strong></span> <span class='ocrx_word' id='word_1_12' title='bbox 647 733 748 814; x_wconf 82' lang='lat' dir='ltr'>diligo.</span> 
     </span>
    </p>

    <p class='ocr_par' dir='ltr' id='par_1_5' title="bbox 150 846 1178 1686">
     <span class='ocr_line' id='line_1_5' title="bbox 317 846 730 928; baseline -0.01 -20"><span class='ocrx_word' id='word_1_13' title='bbox 317 848 399 908; x_wconf 88' lang='lat' dir='ltr'>Mihi</span> <span class='ocrx_word' id='word_1_14' title='bbox 421 847 522 928; x_wconf 84' lang='lat' dir='ltr'><strong>placet</strong></span> <span class='ocrx_word' id='word_1_15' title='bbox 543 856 574 905; x_wconf 89' lang='lat' dir='ltr'><strong>et</strong></span> <span class='ocrx_word' id='word_1_16' title='bbox 598 846 730 924; x_wconf 81' lang='lat' dir='ltr'><strong>populo.</strong></span> 
     </span>
     <span class='ocr_line' id='line_1_6' title="bbox 150 949 1175 1034; baseline -0.002 -16"><span class='ocrx_word' id='word_1_17' title='bbox 150 955 287 1018; x_wconf 87' lang='lat' dir='ltr'><strong>Hierher</strong></span> <span class='ocrx_word' id='word_1_18' title='bbox 308 956 419 1034; x_wconf 78' lang='lat' dir='ltr'><strong>gehb&#39;rt</strong></span> <span class='ocrx_word' id='word_1_19' title='bbox 440 974 507 1014; x_wconf 87' lang='lat' dir='ltr'><strong>nun</strong></span> <span class='ocrx_word' id='word_1_20' title='bbox 529 952 609 1012; x_wconf 89' lang='lat' dir='ltr'><strong>auch</strong></span> <span class='ocrx_word' id='word_1_21' title='bbox 630 949 685 1013; x_wconf 85' lang='lat' dir='ltr'><strong>das</strong></span> <span class='ocrx_word' id='word_1_22' title='bbox 712 950 945 1034; x_wconf 82' lang='lat' dir='ltr'><strong>merkwiirdige</strong></span> <span class='ocrx_word' id='word_1_23' title='bbox 966 957 1091 1019; x_wconf 88' lang='lat' dir='ltr'><strong>neulich</strong></span> <span class='ocrx_word' id='word_1_24' title='bbox 1113 978 1175 1021; x_wconf 87' lang='lat' dir='ltr'><strong>von</strong></span> 
     </span>
     <span class='ocr_line' id='line_1_7' title="bbox 150 1059 1177 1128; baseline -0.001 -1"><span class='ocrx_word' id='word_1_25' title='bbox 150 1067 218 1128; x_wconf 85' lang='lat' dir='ltr'><strong>Leo</strong></span> <span class='ocrx_word' id='word_1_26' title='bbox 241 1062 401 1126; x_wconf 85' lang='lat' dir='ltr'><strong>entdeckte</strong></span> <span class='ocrx_word' id='word_1_27' title='bbox 423 1064 563 1124; x_wconf 87' lang='lat' dir='ltr'><strong>berliner</strong></span> <span class='ocrx_word' id='word_1_28' title='bbox 583 1059 774 1123; x_wconf 86' lang='lat' dir='ltr'><strong>bruchstiick</strong></span> <span class='ocrx_word' id='word_1_29' title='bbox 796 1059 849 1123; x_wconf 84' lang='lat' dir='ltr'><strong>des</strong></span> <span class='ocrx_word' id='word_1_30' title='bbox 880 1063 1081 1127; x_wconf 86' lang='lat' dir='ltr'><strong>lateinischsn</strong></span> <span class='ocrx_word' id='word_1_31' title='bbox 1103 1069 1177 1128; x_wconf 82' lang='lat' dir='ltr'><strong>Gre-</strong></span> 
     </span>
     <span class='ocr_line' id='line_1_8' title="bbox 151 1168 1177 1258; baseline 0.002 -21"><span class='ocrx_word' id='word_1_32' title='bbox 151 1171 298 1258; x_wconf 76' lang='lat' dir='ltr'><strong>gorius*),</strong></span> <span class='ocrx_word' id='word_1_33' title='bbox 320 1171 377 1234; x_wconf 86' lang='lat' dir='ltr'><strong>der</strong></span> <span class='ocrx_word' id='word_1_34' title='bbox 397 1172 519 1234; x_wconf 87' lang='lat' dir='ltr'><strong>freilich</strong></span> <span class='ocrx_word' id='word_1_35' title='bbox 540 1168 598 1231; x_wconf 85' lang='lat' dir='ltr'><strong>der</strong></span> <span class='ocrx_word' id='word_1_36' title='bbox 619 1170 703 1232; x_wconf 85' lang='lat' dir='ltr'><strong>iabel</strong></span> <span class='ocrx_word' id='word_1_37' title='bbox 724 1174 806 1233; x_wconf 89' lang='lat' dir='ltr'><strong>nach</strong></span> <span class='ocrx_word' id='word_1_38' title='bbox 826 1193 889 1234; x_wconf 91' lang='lat' dir='ltr'><strong>von</strong></span> <span class='ocrx_word' id='word_1_39' title='bbox 913 1173 1177 1239; x_wconf 86' lang='lat' dir='ltr'><strong>bedentenderem</strong></span> 
     </span>
     <span class='ocr_line' id='line_1_9' title="bbox 153 1264 1177 1362; baseline 0.002 -16"><span class='ocrx_word' id='word_1_40' title='bbox 153 1287 282 1362; x_wconf 84' lang='lat' dir='ltr'><strong>umiang</strong></span> <span class='ocrx_word' id='word_1_41' title='bbox 303 1302 448 1362; x_wconf 84' lang='lat' dir='ltr'><strong>gewesen</strong></span> <span class='ocrx_word' id='word_1_42' title='bbox 470 1282 537 1341; x_wconf 87' lang='lat' dir='ltr'><strong>sein</strong></span> <span class='ocrx_word' id='word_1_43' title='bbox 561 1264 656 1342; x_wconf 83' lang='lat' dir='ltr'><strong>muls.</strong></span> <span class='ocrx_word' id='word_1_44' title='bbox 697 1300 729 1342; x_wconf 90' lang='lat' dir='ltr'><strong>es</strong></span> <span class='ocrx_word' id='word_1_45' title='bbox 759 1284 909 1343; x_wconf 86' lang='lat' dir='ltr'><strong>erstreckt</strong></span> <span class='ocrx_word' id='word_1_46' title='bbox 937 1284 1002 1345; x_wconf 86' lang='lat' dir='ltr'><strong>sich</strong></span> <span class='ocrx_word' id='word_1_47' title='bbox 1025 1284 1106 1348; x_wconf 83' lang='lat' dir='ltr'><strong>iiber</strong></span> <span class='ocrx_word' id='word_1_48' title='bbox 1127 1286 1177 1348; x_wconf 90' lang='lat' dir='ltr'><strong>die</strong></span> 
     </span>
     <span class='ocr_line' id='line_1_10' title="bbox 153 1389 1177 1468; baseline -0.003 -9"><span class='ocrx_word' id='word_1_49' title='bbox 153 1416 242 1459; x_wconf 77' lang='lat' dir='ltr'><strong>verse</strong></span> <span class='ocrx_word' id='word_1_50' title='bbox 271 1396 433 1456; x_wconf 73' lang='lat' dir='ltr'><strong>att-775</strong></span> <span class='ocrx_word' id='word_1_51' title='bbox 463 1389 517 1450; x_wconf 84' lang='lat' dir='ltr'><strong>des</strong></span> <span class='ocrx_word' id='word_1_52' title='bbox 548 1389 821 1451; x_wconf 78' lang='lat' dir='ltr'><strong>hartntanuischen</strong></span> <span class='ocrx_word' id='word_1_53' title='bbox 845 1390 983 1468; x_wconf 86' lang='lat' dir='ltr'><strong>gedichts</strong></span> <span class='ocrx_word' id='word_1_54' title='bbox 1013 1392 1079 1454; x_wconf 93' lang='lat' dir='ltr'><strong>und</strong></span> <span class='ocrx_word' id='word_1_55' title='bbox 1109 1416 1177 1456; x_wconf 88' lang='lat' dir='ltr'><strong>zer·</strong></span> 
     </span>
     <span class='ocr_line' id='line_1_11' title="bbox 152 1491 1178 1581; baseline -0.011 -13"><span class='ocrx_word' id='word_1_56' title='bbox 152 1506 230 1580; x_wconf 69' lang='lat' dir='ltr'><strong>felli,</strong></span> <span class='ocrx_word' id='word_1_57' title='bbox 252 1503 313 1564; x_wconf 86' lang='lat' dir='ltr'><strong>wie</strong></span> <span class='ocrx_word' id='word_1_58' title='bbox 336 1500 419 1560; x_wconf 88' lang='lat' dir='ltr'><strong>mich</strong></span> <span class='ocrx_word' id='word_1_59' title='bbox 440 1494 552 1571; x_wconf 86' lang='lat' dir='ltr'><strong>diinkt,</strong></span> <span class='ocrx_word' id='word_1_60' title='bbox 574 1491 746 1557; x_wconf 84' lang='lat' dir='ltr'><strong>wiederum</strong></span> <span class='ocrx_word' id='word_1_61' title='bbox 768 1496 802 1554; x_wconf 89' lang='lat' dir='ltr'><strong>in</strong></span> <span class='ocrx_word' id='word_1_62' title='bbox 821 1493 996 1578; x_wconf 85' lang='lat' dir='ltr'><strong>vierzeilige</strong></span> <span class='ocrx_word' id='word_1_63' title='bbox 1018 1499 1178 1581; x_wconf 69' lang='lat' dir='ltr'><strong>stophen,</strong></span> 
     </span>
     <span class='ocr_line' id='line_1_12' title="bbox 154 1603 767 1686; baseline -0.015 -13"><span class='ocrx_word' id='word_1_64' title='bbox 154 1611 205 1672; x_wconf 89' lang='lat' dir='ltr'><strong>die</strong></span> <span class='ocrx_word' id='word_1_65' title='bbox 225 1610 277 1672; x_wconf 91' lang='lat' dir='ltr'><strong>ich</strong></span> <span class='ocrx_word' id='word_1_66' title='bbox 297 1603 579 1686; x_wconf 80' lang='lat' dir='ltr'><strong>folgendermassen</strong></span> <span class='ocrx_word' id='word_1_67' title='bbox 603 1603 767 1664; x_wconf 79' lang='lat' dir='ltr'><strong>herstelle:</strong></span> 
     </span>
    </p>
   </div>
   <div class='ocr_carea' id='block_1_3' title="bbox 313 1930 926 2967">
    <p class='ocr_par' dir='ltr' id='par_1_6' title="bbox 313 1930 926 2967">
     <span class='ocr_line' id='line_1_13' title="bbox 384 1930 783 1992; baseline 0 0"><span class='ocrx_word' id='word_1_68' title='bbox 384 1931 436 1992; x_wconf 85' lang='lat' dir='ltr'><strong>Sic</strong></span> <span class='ocrx_word' id='word_1_69' title='bbox 463 1932 531 1992; x_wconf 85' lang='lat' dir='ltr'><strong>loca</strong></span> <span class='ocrx_word' id='word_1_70' title='bbox 566 1930 783 1992; x_wconf 80' lang='lat' dir='ltr'><strong>venustissima</strong></span> 
     </span>
     <span class='ocr_line' id='line_1_14' title="bbox 386 2033 807 2098; baseline 0.002 -1"><span class='ocrx_word' id='word_1_71' title='bbox 386 2033 489 2097; x_wconf 84' lang='lat' dir='ltr'><strong>Caede</strong></span> <span class='ocrx_word' id='word_1_72' title='bbox 509 2036 642 2096; x_wconf 83' lang='lat' dir='ltr'><strong>vastavit</strong></span> <span class='ocrx_word' id='word_1_73' title='bbox 662 2037 807 2098; x_wconf 81' lang='lat' dir='ltr'><strong>maxima.</strong></span> 
     </span>
     <span class='ocr_line' id='line_1_15' title="bbox 313 2117 725 2218; baseline -0.019 -10"><span class='ocrx_word' id='word_1_74' title='bbox 313 2157 344 2208; x_wconf 86' lang='lat'><strong>2.</strong></span> <span class='ocrx_word' id='word_1_75' title='bbox 385 2144 471 2205; x_wconf 88' lang='lat' dir='ltr'><strong>Urbs</strong></span> <span class='ocrx_word' id='word_1_76' title='bbox 495 2142 581 2201; x_wconf 89' lang='lat' dir='ltr'><strong>nulla</strong></span> <span class='ocrx_word' id='word_1_77' title='bbox 608 2117 725 2218; x_wconf 81' lang='lat' dir='ltr'><strong>luerat,</strong></span> 
     </span>
     <span class='ocr_line' id='line_1_16' title="bbox 385 2249 926 2330; baseline 0.004 -18"><span class='ocrx_word' id='word_1_78' title='bbox 385 2249 488 2327; x_wconf 74' lang='lat' dir='ltr'><strong>Quaen</strong></span> <span class='ocrx_word' id='word_1_79' title='bbox 513 2249 578 2311; x_wconf 87' lang='lat' dir='ltr'><strong>non</strong></span> <span class='ocrx_word' id='word_1_80' title='bbox 600 2250 719 2311; x_wconf 85' lang='lat' dir='ltr'><strong>bellans</strong></span> <span class='ocrx_word' id='word_1_81' title='bbox 742 2261 926 2330; x_wconf 85' lang='lat' dir='ltr'><strong>vastaverat,</strong></span> 
     </span>
     <span class='ocr_line' id='line_1_17' title="bbox 384 2362 824 2437; baseline -0.009 -12"><span class='ocrx_word' id='word_1_82' title='bbox 384 2362 458 2425; x_wconf 87' lang='lat' dir='ltr'><strong>Una</strong></span> <span class='ocrx_word' id='word_1_83' title='bbox 479 2372 602 2421; x_wconf 87' lang='lat' dir='ltr'><strong>tantum</strong></span> <span class='ocrx_word' id='word_1_84' title='bbox 623 2373 824 2437; x_wconf 79' lang='lat' dir='ltr'><strong>remanserat,</strong></span> 
     </span>
     <span class='ocr_line' id='line_1_18' title="bbox 386 2469 814 2551; baseline 0.002 -19"><span class='ocrx_word' id='word_1_85' title='bbox 386 2470 475 2547; x_wconf 84' lang='lat' dir='ltr'><strong>Quae</strong></span> <span class='ocrx_word' id='word_1_86' title='bbox 498 2469 678 2551; x_wconf 83' lang='lat' dir='ltr'><strong>principalis</strong></span> <span class='ocrx_word' id='word_1_87' title='bbox 701 2473 814 2533; x_wconf 83' lang='lat' dir='ltr'><strong>fuerat.</strong></span> 
     </span>
     <span class='ocr_line' id='line_1_19' title="bbox 316 2578 857 2657; baseline -0.004 -14"><span class='ocrx_word' id='word_1_88' title='bbox 316 2589 346 2643; x_wconf 80' lang='grc'><strong>3.</strong></span> <span class='ocrx_word' id='word_1_89' title='bbox 389 2578 478 2655; x_wconf 83' lang='lat' dir='ltr'><strong>Quae</strong></span> <span class='ocrx_word' id='word_1_90' title='bbox 500 2581 555 2641; x_wconf 86' lang='lat' dir='ltr'><strong>vix</strong></span> <span class='ocrx_word' id='word_1_91' title='bbox 579 2581 646 2640; x_wconf 87' lang='lat' dir='ltr'><strong>sola</strong></span> <span class='ocrx_word' id='word_1_92' title='bbox 665 2581 857 2657; x_wconf 77' lang='lat' dir='ltr'><strong>subsisteret,</strong></span> 
     </span>
     <span class='ocr_line' id='line_1_20' title="bbox 385 2689 835 2769; baseline -0.004 -17"><span class='ocrx_word' id='word_1_93' title='bbox 385 2689 420 2752; x_wconf 89' lang='lat' dir='ltr'><strong>Si</strong></span> <span class='ocrx_word' id='word_1_94' title='bbox 442 2710 507 2751; x_wconf 90' lang='lat' dir='ltr'><strong>non</strong></span> <span class='ocrx_word' id='word_1_95' title='bbox 529 2701 627 2750; x_wconf 87' lang='lat' dir='ltr'><strong>totam</strong></span> <span class='ocrx_word' id='word_1_96' title='bbox 648 2701 835 2769; x_wconf 84' lang='lat' dir='ltr'><strong>protegeret,</strong></span> 
     </span>
     <span class='ocr_line' id='line_1_21' title="bbox 386 2795 789 2875; baseline 0.002 -17"><span class='ocrx_word' id='word_1_97' title='bbox 386 2795 450 2872; x_wconf 87' lang='lat' dir='ltr'><strong>Qui</strong></span> <span class='ocrx_word' id='word_1_98' title='bbox 472 2798 558 2860; x_wconf 88' lang='lat' dir='ltr'><strong>solus</strong></span> <span class='ocrx_word' id='word_1_99' title='bbox 578 2797 657 2875; x_wconf 85' lang='lat' dir='ltr'><strong>regit</strong></span> <span class='ocrx_word' id='word_1_100' title='bbox 682 2800 789 2860; x_wconf 86' lang='lat' dir='ltr'><strong>omnia</strong></span> 
     </span>
     <span class='ocr_line' id='line_1_22' title="bbox 385 2905 784 2967; baseline 0.008 -3"><span class='ocrx_word' id='word_1_101' title='bbox 385 2905 447 2966; x_wconf 89' lang='lat' dir='ltr'><strong>Per</strong></span> <span class='ocrx_word' id='word_1_102' title='bbox 468 2908 646 2965; x_wconf 87' lang='lat' dir='ltr'><strong>seculorum</strong></span> <span class='ocrx_word' id='word_1_103' title='bbox 669 2907 784 2967; x_wconf 86' lang='lat' dir='ltr'><strong>secula.</strong></span> 
     </span>
    </p>
   </div>
   <div class='ocr_carea' id='block_1_4' title="bbox 318 3009 861 3182">
    <p class='ocr_par' dir='ltr' id='par_1_7' title="bbox 318 3009 861 3182">
     <span class='ocr_line' id='line_1_23' title="bbox 318 3009 664 3087; baseline -0.014 -16"><span class='ocrx_word' id='word_1_104' title='bbox 318 3014 350 3070; x_wconf 83' lang='lat'><strong>4.</strong></span> <span class='ocrx_word' id='word_1_105' title='bbox 389 3010 434 3070; x_wconf 90' lang='lat' dir='ltr'><strong>Ut</strong></span> <span class='ocrx_word' id='word_1_106' title='bbox 456 3009 664 3087; x_wconf 85' lang='lat' dir='ltr'><strong>procedamus</strong></span> 
     </span>
     <span class='ocr_line' id='line_1_24' title="bbox 388 3112 861 3182; baseline -0.002 -9"><span class='ocrx_word' id='word_1_107' title='bbox 388 3113 483 3174; x_wconf 88' lang='lat' dir='ltr'><strong>Nune</strong></span> <span class='ocrx_word' id='word_1_108' title='bbox 503 3114 552 3173; x_wconf 85' lang='lat' dir='ltr'><strong>hie</strong></span> <span class='ocrx_word' id='word_1_109' title='bbox 580 3112 675 3172; x_wconf 84' lang='lat' dir='ltr'><strong>finem</strong></span> <span class='ocrx_word' id='word_1_110' title='bbox 698 3112 861 3182; x_wconf 80' lang='lat' dir='ltr'><strong>iaciamus3</strong></span> 
     </span>
    </p>
   </div>
   <div class='ocr_carea' id='block_1_5' title="bbox 316 3218 857 3520">
    <p class='ocr_par' dir='ltr' id='par_1_8' title="bbox 316 3218 857 3520">
     <span class='ocr_line' id='line_1_25' title="bbox 389 3218 729 3298; baseline -0.009 -15"><span class='ocrx_word' id='word_1_111' title='bbox 389 3221 498 3283; x_wconf 87' lang='lat' dir='ltr'><strong>Mente</strong></span> <span class='ocrx_word' id='word_1_112' title='bbox 523 3218 729 3298; x_wconf 84' lang='lat' dir='ltr'><strong>attendamus,</strong></span> 
     </span>
     <span class='ocr_line' id='line_1_26' title="bbox 388 3330 857 3411; baseline -0.006 -19"><span class='ocrx_word' id='word_1_113' title='bbox 388 3330 441 3392; x_wconf 86' lang='lat' dir='ltr'><strong>Sic</strong></span> <span class='ocrx_word' id='word_1_114' title='bbox 463 3330 503 3393; x_wconf 80' lang='lat' dir='ltr'><strong>ad</strong></span> <span class='ocrx_word' id='word_1_115' title='bbox 525 3351 658 3411; x_wconf 87' lang='lat' dir='ltr'><strong>puerum</strong></span> <span class='ocrx_word' id='word_1_116' title='bbox 682 3330 857 3394; x_wconf 87' lang='lat' dir='ltr'><strong>redeamus.</strong></span> 
     </span>
     <span class='ocr_line' id='line_1_27' title="bbox 316 3438 688 3520; baseline 0.005 -20"><span class='ocrx_word' id='word_1_117' title='bbox 316 3443 346 3500; x_wconf 84' lang='lat'><strong>5.</strong></span> <span class='ocrx_word' id='word_1_118' title='bbox 388 3438 471 3518; x_wconf 85' lang='lat' dir='ltr'><strong>Ergo</strong></span> <span class='ocrx_word' id='word_1_119' title='bbox 493 3460 552 3518; x_wconf 87' lang='lat' dir='ltr'><strong>per</strong></span> <span class='ocrx_word' id='word_1_120' title='bbox 573 3442 688 3520; x_wconf 88' lang='lat' dir='ltr'><strong>omnia,</strong></span> 
     </span>
    </p>
   </div>
   <div class='ocr_carea' id='block_1_6' title="bbox 388 3549 900 3632">
    <p class='ocr_par' dir='ltr' id='par_1_9' title="bbox 388 3549 900 3632">
     <span class='ocr_line' id='line_1_28' title="bbox 388 3549 900 3632; baseline 0.002 -23"><span class='ocrx_word' id='word_1_121' title='bbox 388 3550 475 3611; x_wconf 87' lang='lat' dir='ltr'><strong>Dum</strong></span> <span class='ocrx_word' id='word_1_122' title='bbox 497 3549 609 3611; x_wconf 83' lang='lat' dir='ltr'><strong>transit</strong></span> <span class='ocrx_word' id='word_1_123' title='bbox 637 3563 746 3632; x_wconf 82' lang='lat' dir='ltr'><strong>stagna</strong></span> <span class='ocrx_word' id='word_1_124' title='bbox 767 3549 900 3627; x_wconf 83' lang='lat' dir='ltr'><strong>marina,</strong></span> 
     </span>
    </p>
   </div>
   <div class='ocr_carea' id='block_1_7' title="bbox 165 3665 418 3684">
    <p class='ocr_par' dir='ltr' id='par_1_10' title="bbox 165 3665 418 3684">
     <span class='ocr_line' id='line_1_29' title="bbox 165 3665 418 3684; baseline 0 0"><span class='ocrx_word' id='word_1_125' title='bbox 165 3665 418 3684; x_wconf 72' lang='lat'><strong>----——-</strong></span> 
     </span>
    </p>
   </div>
   <div class='ocr_carea' id='block_1_8' title="bbox 161 3727 1184 3988">
    <p class='ocr_par' dir='ltr' id='par_1_11' title="bbox 161 3727 1184 3988">
     <span class='ocr_line' id='line_1_30' title="bbox 232 3727 1184 3805; baseline 0.012 -27"><span class='ocrx_word' id='word_1_126' title='bbox 232 3728 258 3797; x_wconf 84' lang='lat'><strong>’)</strong></span> <span class='ocrx_word' id='word_1_127' title='bbox 278 3727 375 3782; x_wconf 78' lang='lat' dir='ltr'><strong>blitter</strong></span> <span class='ocrx_word' id='word_1_128' title='bbox 408 3733 450 3786; x_wconf 78' lang='lat' dir='ltr'><strong>teir</strong></span> <span class='ocrx_word' id='word_1_129' title='bbox 481 3732 520 3787; x_wconf 83' lang='lat' dir='ltr'><strong>lit.</strong></span> <span class='ocrx_word' id='word_1_130' title='bbox 556 3732 658 3790; x_wconf 78' lang='lat' dir='ltr'><strong>untertt.</strong></span> <span class='ocrx_word' id='word_1_131' title='bbox 691 3734 803 3805; x_wconf 80' lang='lat' dir='ltr'><strong>Leipzig</strong></span> <span class='ocrx_word' id='word_1_132' title='bbox 824 3736 895 3786; x_wconf 76' lang='lat' dir='ltr'><strong>leet</strong></span> <span class='ocrx_word' id='word_1_133' title='bbox 924 3737 957 3786; x_wconf 79' lang='lat' dir='ltr'><strong>te</strong></span> <span class='ocrx_word' id='word_1_134' title='bbox 976 3735 1033 3792; x_wconf 90' lang='lat' dir='ltr'><strong>dec.</strong></span> <span class='ocrx_word' id='word_1_135' title='bbox 1063 3751 1105 3788; x_wconf 89' lang='lat' dir='ltr'><strong>no.</strong></span> <span class='ocrx_word' id='word_1_136' title='bbox 1129 3737 1184 3789; x_wconf 72' lang='lat'><strong>352</strong></span> 
     </span>
     <span class='ocr_line' id='line_1_31' title="bbox 161 3821 707 3886; baseline 0.018 -18"><span class='ocrx_word' id='word_1_137' title='bbox 161 3834 186 3886; x_wconf 82' lang='lat' dir='ltr'><strong>p.</strong></span> <span class='ocrx_word' id='word_1_138' title='bbox 204 3821 283 3875; x_wconf 83' lang='lat'>1431.</span> <span class='ocrx_word' id='word_1_139' title='bbox 301 3825 379 3874; x_wconf 78' lang='lat' dir='ltr'><strong>usa.</strong></span> <span class='ocrx_word' id='word_1_140' title='bbox 423 3852 427 3859; x_wconf 37' lang='grc' dir='ltr'><strong><em>ι</em></strong></span> <span class='ocrx_word' id='word_1_141' title='bbox 704 3822 707 3829; x_wconf 85' lang='grc'><em>·</em></span> 
     </span>
     <span class='ocr_line' id='line_1_32' title="bbox 232 3919 682 3988; baseline 0.024 -20"><span class='ocrx_word' id='word_1_142' title='bbox 232 3920 258 3980; x_wconf 78' lang='lat' dir='ltr'><strong>t,</strong></span> <span class='ocrx_word' id='word_1_143' title='bbox 276 3921 294 3968; x_wconf 69' lang='grc' dir='ltr'>Β</span> <span class='ocrx_word' id='word_1_144' title='bbox 312 3919 346 3970; x_wconf 90' lang='lat' dir='ltr'><strong>im</strong></span> <span class='ocrx_word' id='word_1_145' title='bbox 364 3920 481 3972; x_wconf 81' lang='lat' dir='ltr'><strong>abdtuck</strong></span> <span class='ocrx_word' id='word_1_146' title='bbox 499 3919 574 3988; x_wconf 80' lang='lat' dir='ltr'><strong>hujus</strong></span> <span class='ocrx_word' id='word_1_147' title='bbox 595 3923 682 3979; x_wconf 77' lang='lat' dir='ltr'><strong>tuem.</strong></span> 
     </span>
    </p>
   </div>
   <div class='ocr_carea' id='block_1_9' title="bbox 162 4010 1180 4164">
    <p class='ocr_par' dir='ltr' id='par_1_12' title="bbox 162 4010 1180 4164">
     <span class='ocr_line' id='line_1_33' title="bbox 233 4010 1180 4077; baseline 0.008 -20"><span class='ocrx_word' id='word_1_148' title='bbox 233 4010 294 4070; x_wconf 81' lang='lat' dir='ltr'><strong>4‚a</strong></span> <span class='ocrx_word' id='word_1_149' title='bbox 322 4012 419 4062; x_wconf 86' lang='lat' dir='ltr'><strong>urentis</strong></span> <span class='ocrx_word' id='word_1_150' title='bbox 442 4018 500 4064; x_wconf 78' lang='lat' dir='ltr'><strong>acta</strong></span> <span class='ocrx_word' id='word_1_151' title='bbox 517 4013 616 4065; x_wconf 80' lang='lat' dir='ltr'><strong>demus.</strong></span> <span class='ocrx_word' id='word_1_152' title='bbox 653 4012 783 4074; x_wconf 75' lang='lat' dir='ltr'><strong>elelleicltt</strong></span> <span class='ocrx_word' id='word_1_153' title='bbox 802 4012 884 4068; x_wconf 82' lang='lat' dir='ltr'><strong>auch:</strong></span> <span class='ocrx_word' id='word_1_154' title='bbox 910 4013 992 4065; x_wconf 85' lang='lat' dir='ltr'><strong>ventis</strong></span> <span class='ocrx_word' id='word_1_155' title='bbox 1011 4012 1180 4077; x_wconf 81' lang='lat' dir='ltr'><strong>attendemus,</strong></span> 
     </span>
     <span class='ocr_line' id='line_1_34' title="bbox 162 4097 986 4164; baseline 0.017 -15"><span class='ocrx_word' id='word_1_156' title='bbox 162 4098 209 4150; x_wconf 80' lang='lat' dir='ltr'><strong>eut</strong></span> <span class='ocrx_word' id='word_1_157' title='bbox 230 4097 273 4148; x_wconf 89' lang='lat' dir='ltr'><strong>die</strong></span> <span class='ocrx_word' id='word_1_158' title='bbox 293 4099 388 4164; x_wconf 83' lang='lat' dir='ltr'><strong>winde,</strong></span> <span class='ocrx_word' id='word_1_159' title='bbox 412 4103 456 4157; x_wconf 85' lang='lat' dir='ltr'><strong>dle</strong></span> <span class='ocrx_word' id='word_1_160' title='bbox 480 4102 525 4154; x_wconf 79' lang='lat' dir='ltr'><strong>das</strong></span> <span class='ocrx_word' id='word_1_161' title='bbox 544 4104 605 4157; x_wconf 84' lang='lat' dir='ltr'><strong>kind</strong></span> <span class='ocrx_word' id='word_1_162' title='bbox 634 4107 699 4158; x_wconf 76' lang='lat' dir='ltr'><strong>fiber</strong></span> <span class='ocrx_word' id='word_1_163' title='bbox 723 4107 766 4159; x_wconf 84' lang='lat' dir='ltr'><strong>die</strong></span> <span class='ocrx_word' id='word_1_164' title='bbox 792 4121 838 4160; x_wconf 78' lang='lat' dir='ltr'><strong>see</strong></span> <span class='ocrx_word' id='word_1_165' title='bbox 864 4104 986 4162; x_wconf 79' lang='lat' dir='ltr'><strong>utrtent</strong></span> 
     </span>
    </p>
   </div>
   <div class='ocr_carea' id='block_1_10' title="bbox 0 0 1342 4650">
    <p class='ocr_par' dir='ltr' id='par_1_13' title="bbox 0 0 1342 4650">
     <span class='ocr_line' id='line_1_35' title="bbox 0 0 1342 4650; baseline 0 0"><span class='ocrx_word' id='word_1_166' title='bbox 0 0 1342 4650; x_wconf 95' lang='lat' dir='ltr'><strong> </strong></span> 
     </span>
    </p>
   </div>
  </div>
 </body>
</html>
