<?xml version="1.0" encoding="UTF-8"?>
<!DOCTYPE html PUBLIC "-//W3C//DTD XHTML 1.0 Transitional//EN"
    "http://www.w3.org/TR/xhtml1/DTD/xhtml1-transitional.dtd">
<html xmlns="http://www.w3.org/1999/xhtml" xml:lang="en" lang="en">
 <head>
  <title>
</title>
<meta http-equiv="Content-Type" content="text/html;charset=utf-8" />
  <meta name='ocr-system' content='tesseract 3.04.00' />
  <meta name='ocr-capabilities' content='ocr_page ocr_carea ocr_par ocr_line ocrx_word'/>
</head>
<body>
  <div class='ocr_page' id='page_1' title='image "./lateinischegedi00schmgoog/lateinischegedi00schmgoog_0432.png"; bbox 0 0 2640 4650; ppageno 0'>
   <div class='ocr_carea' id='block_1_1' title="bbox 271 501 899 3292">
    <p class='ocr_par' dir='ltr' id='par_1_1' title="bbox 278 501 899 691">
     <span class='ocr_line' id='line_1_1' title="bbox 278 501 858 564; baseline 0.002 -3"><span class='ocrx_word' id='word_1_1' title='bbox 278 508 329 562; x_wconf 82' lang='lat'><strong>62.</strong></span> <span class='ocrx_word' id='word_1_2' title='bbox 372 501 488 561; x_wconf 83' lang='lat' dir='ltr'><strong>Decem</strong></span> <span class='ocrx_word' id='word_1_3' title='bbox 515 522 716 562; x_wconf 88' lang='lat' dir='ltr'><strong>nummorum</strong></span> <span class='ocrx_word' id='word_1_4' title='bbox 740 501 858 564; x_wconf 88' lang='lat' dir='ltr'><strong>corium</strong></span> 
     </span>
     <span class='ocr_line' id='line_1_2' title="bbox 372 609 899 691; baseline 0.008 -22"><span class='ocrx_word' id='word_1_5' title='bbox 372 609 422 670; x_wconf 83' lang='lat' dir='ltr'><strong>Ad</strong></span> <span class='ocrx_word' id='word_1_6' title='bbox 443 630 587 687; x_wconf 84' lang='lat' dir='ltr'><strong>magnum</strong></span> <span class='ocrx_word' id='word_1_7' title='bbox 615 611 721 672; x_wconf 83' lang='lat' dir='ltr'><strong>levant</strong></span> <span class='ocrx_word' id='word_1_8' title='bbox 743 615 899 691; x_wconf 88' lang='lat' dir='ltr'><strong>pretium:</strong></span> 
     </span>
    </p>

    <p class='ocr_par' dir='ltr' id='par_1_2' title="bbox 327 706 774 905">
     <span class='ocr_line' id='line_1_3' title="bbox 327 706 763 797; baseline 0.002 -18"><span class='ocrx_word' id='word_1_9' title='bbox 327 706 336 718; x_wconf 53' lang='lat'><strong>⁴</strong></span> <span class='ocrx_word' id='word_1_10' title='bbox 367 717 470 779; x_wconf 86' lang='lat' dir='ltr'><strong>Nudis</strong></span> <span class='ocrx_word' id='word_1_11' title='bbox 492 718 607 797; x_wconf 84' lang='lat' dir='ltr'><strong>plantis</strong></span> <span class='ocrx_word' id='word_1_12' title='bbox 629 717 763 780; x_wconf 86' lang='lat' dir='ltr'><strong>incedite</strong></span> 
     </span>
     <span class='ocr_line' id='line_1_4' title="bbox 366 823 774 905; baseline 0.005 -21"><span class='ocrx_word' id='word_1_13' title='bbox 366 824 469 900; x_wconf 79' lang='lat' dir='ltr'><strong>Huius</strong></span> <span class='ocrx_word' id='word_1_14' title='bbox 486 825 595 905; x_wconf 75' lang='lat' dir='ltr'><strong>coloni</strong></span> <span class='ocrx_word' id='word_1_15' title='bbox 617 823 774 905; x_wconf 75' lang='lat' dir='ltr'><strong>patriael&#39;</strong></span> 
     </span>
    </p>

    <p class='ocr_par' dir='ltr' id='par_1_3' title="bbox 273 934 822 1322">
     <span class='ocr_line' id='line_1_5' title="bbox 273 934 772 1013; baseline -0.004 -17"><span class='ocrx_word' id='word_1_16' title='bbox 273 944 324 996; x_wconf 84' lang='grc'><strong>63.</strong></span> <span class='ocrx_word' id='word_1_17' title='bbox 368 934 509 995; x_wconf 80' lang='lat' dir='ltr'><strong>Alternat</strong></span> <span class='ocrx_word' id='word_1_18' title='bbox 530 954 570 993; x_wconf 88' lang='lat' dir='ltr'><strong>ex</strong></span> <span class='ocrx_word' id='word_1_19' title='bbox 592 935 772 1013; x_wconf 78' lang='lat' dir='ltr'>obprobriis</span> 
     </span>
     <span class='ocr_line' id='line_1_6' title="bbox 365 1042 822 1124; baseline -0.007 -19"><span class='ocrx_word' id='word_1_20' title='bbox 365 1042 508 1124; x_wconf 86' lang='lat' dir='ltr'><strong>Utraque</strong></span> <span class='ocrx_word' id='word_1_21' title='bbox 529 1061 603 1121; x_wconf 88' lang='lat' dir='ltr'><strong>pars</strong></span> <span class='ocrx_word' id='word_1_22' title='bbox 625 1044 684 1103; x_wconf 91' lang='lat' dir='ltr'><strong>sub</strong></span> <span class='ocrx_word' id='word_1_23' title='bbox 704 1042 822 1122; x_wconf 81' lang='lat' dir='ltr'><strong>jurgiis,</strong></span> 
     </span>
     <span class='ocr_line' id='line_1_7' title="bbox 365 1149 739 1230; baseline 0.003 -19"><span class='ocrx_word' id='word_1_24' title='bbox 365 1149 517 1211; x_wconf 86' lang='lat' dir='ltr'><strong>Sutorum</strong></span> <span class='ocrx_word' id='word_1_25' title='bbox 541 1153 739 1230; x_wconf 86' lang='lat' dir='ltr'><strong>congregatio</strong></span> 
     </span>
     <span class='ocr_line' id='line_1_8' title="bbox 365 1260 722 1322; baseline 0 -2"><span class='ocrx_word' id='word_1_26' title='bbox 365 1260 449 1320; x_wconf 86' lang='lat' dir='ltr'><strong>lrato</strong></span> <span class='ocrx_word' id='word_1_27' title='bbox 473 1260 584 1320; x_wconf 87' lang='lat' dir='ltr'><strong>crescit</strong></span> <span class='ocrx_word' id='word_1_28' title='bbox 605 1261 722 1322; x_wconf 86' lang='lat' dir='ltr'><strong>animo.</strong></span> 
     </span>
    </p>

    <p class='ocr_par' dir='ltr' id='par_1_4' title="bbox 271 1367 798 1773">
     <span class='ocr_line' id='line_1_9' title="bbox 271 1367 770 1446; baseline 0 -17"><span class='ocrx_word' id='word_1_29' title='bbox 271 1374 322 1432; x_wconf 83' lang='grc'><strong>64.</strong></span> <span class='ocrx_word' id='word_1_30' title='bbox 364 1367 537 1429; x_wconf 84' lang='lat' dir='ltr'><strong>Ducuntur</strong></span> <span class='ocrx_word' id='word_1_31' title='bbox 558 1390 577 1428; x_wconf 89' lang='lat' dir='ltr'><strong>a</strong></span> <span class='ocrx_word' id='word_1_32' title='bbox 598 1370 770 1446; x_wconf 79' lang='lat' dir='ltr'><strong>lictoribus,</strong></span> 
     </span>
     <span class='ocr_line' id='line_1_10' title="bbox 367 1477 798 1554; baseline 0.005 -18"><span class='ocrx_word' id='word_1_33' title='bbox 367 1478 612 1538; x_wconf 86' lang='lat' dir='ltr'><strong>Praesentantur</strong></span> <span class='ocrx_word' id='word_1_34' title='bbox 632 1477 798 1554; x_wconf 87' lang='lat' dir='ltr'><strong>judicibus,</strong></span> 
     </span>
     <span class='ocr_line' id='line_1_11' title="bbox 363 1582 787 1663; baseline 0.009 -19"><span class='ocrx_word' id='word_1_35' title='bbox 363 1582 558 1647; x_wconf 89' lang='lat' dir='ltr'><strong>Venduntur</strong></span> <span class='ocrx_word' id='word_1_36' title='bbox 579 1587 787 1663; x_wconf 75' lang='lat' dir='ltr'><strong>exactoribus,</strong></span> 
     </span>
     <span class='ocr_line' id='line_1_12' title="bbox 367 1692 745 1773; baseline 0.013 -22"><span class='ocrx_word' id='word_1_37' title='bbox 367 1692 592 1772; x_wconf 75' lang='lat' dir='ltr'><strong>corripiuntur</strong></span> <span class='ocrx_word' id='word_1_38' title='bbox 614 1697 745 1773; x_wconf 86' lang='lat' dir='ltr'><strong>legibus.</strong></span> 
     </span>
    </p>

    <p class='ocr_par' dir='ltr' id='par_1_5' title="bbox 313 1798 827 2190">
     <span class='ocr_line' id='line_1_13' title="bbox 313 1798 827 1880; baseline -0.004 -18"><span class='ocrx_word' id='word_1_39' title='bbox 313 1848 321 1862; x_wconf 91' lang='lat'><strong>.</strong></span> <span class='ocrx_word' id='word_1_40' title='bbox 365 1798 513 1862; x_wconf 87' lang='lat' dir='ltr'><strong>Reddunt</strong></span> <span class='ocrx_word' id='word_1_41' title='bbox 536 1822 595 1880; x_wconf 89' lang='lat' dir='ltr'><strong>per</strong></span> <span class='ocrx_word' id='word_1_42' title='bbox 614 1801 827 1863; x_wconf 87' lang='lat' dir='ltr'><strong>vadimonium</strong></span> 
     </span>
     <span class='ocr_line' id='line_1_14' title="bbox 364 1909 807 1990; baseline 0.002 -19"><span class='ocrx_word' id='word_1_43' title='bbox 364 1909 613 1971; x_wconf 78' lang='lat' dir='ltr'><strong>conventionem</strong></span> <span class='ocrx_word' id='word_1_44' title='bbox 635 1923 807 1990; x_wconf 74' lang='lat' dir='ltr'><strong>tergorum,</strong></span> 
     </span>
     <span class='ocr_line' id='line_1_15' title="bbox 365 2017 813 2098; baseline 0.009 -20"><span class='ocrx_word' id='word_1_45' title='bbox 365 2017 467 2093; x_wconf 87' lang='lat' dir='ltr'><strong>Quam</strong></span> <span class='ocrx_word' id='word_1_46' title='bbox 489 2033 665 2098; x_wconf 89' lang='lat' dir='ltr'><strong>posuerunt</strong></span> <span class='ocrx_word' id='word_1_47' title='bbox 685 2021 719 2081; x_wconf 92' lang='lat' dir='ltr'><strong>in</strong></span> <span class='ocrx_word' id='word_1_48' title='bbox 742 2021 813 2082; x_wconf 82' lang='lat' dir='ltr'><strong>foro</strong></span> 
     </span>
     <span class='ocr_line' id='line_1_16' title="bbox 362 2128 679 2190; baseline -0.009 0"><span class='ocrx_word' id='word_1_49' title='bbox 362 2128 518 2190; x_wconf 87' lang='lat' dir='ltr'><strong>Unibovis</strong></span> <span class='ocrx_word' id='word_1_50' title='bbox 540 2128 679 2188; x_wconf 88' lang='lat' dir='ltr'><strong>consilio.</strong></span> 
     </span>
    </p>

    <p class='ocr_par' dir='ltr' id='par_1_6' title="bbox 310 2236 798 2623">
     <span class='ocr_line' id='line_1_17' title="bbox 310 2236 783 2314; baseline -0.002 -19"><span class='ocrx_word' id='word_1_51' title='bbox 310 2278 318 2295; x_wconf 91' lang='lat'><strong>.</strong></span> <span class='ocrx_word' id='word_1_52' title='bbox 362 2236 549 2297; x_wconf 83' lang='lat' dir='ltr'><strong>Persolvunt</strong></span> <span class='ocrx_word' id='word_1_53' title='bbox 570 2237 645 2314; x_wconf 84' lang='lat' dir='ltr'><strong>legis</strong></span> <span class='ocrx_word' id='word_1_54' title='bbox 669 2236 783 2309; x_wconf 84' lang='lat' dir='ltr'><strong>debita,</strong></span> 
     </span>
     <span class='ocr_line' id='line_1_18' title="bbox 361 2345 793 2426; baseline -0.002 -20"><span class='ocrx_word' id='word_1_55' title='bbox 361 2345 574 2406; x_wconf 80' lang='lat' dir='ltr'><strong>Revertantur</strong></span> <span class='ocrx_word' id='word_1_56' title='bbox 594 2345 634 2407; x_wconf 94' lang='lat' dir='ltr'><strong>ad</strong></span> <span class='ocrx_word' id='word_1_57' title='bbox 656 2346 793 2426; x_wconf 87' lang='lat' dir='ltr'><strong>propria,</strong></span> 
     </span>
     <span class='ocr_line' id='line_1_19' title="bbox 361 2452 798 2531; baseline -0.005 -18"><span class='ocrx_word' id='word_1_58' title='bbox 361 2454 529 2515; x_wconf 84' lang='lat' dir='ltr'><strong>Exhaustis</strong></span> <span class='ocrx_word' id='word_1_59' title='bbox 552 2457 585 2512; x_wconf 90' lang='lat' dir='ltr'><strong>in</strong></span> <span class='ocrx_word' id='word_1_60' title='bbox 610 2452 798 2531; x_wconf 76' lang='lat' dir='ltr'><strong>marsuppiis</strong></span> 
     </span>
     <span class='ocr_line' id='line_1_20' title="bbox 362 2558 732 2623; baseline -0.008 0"><span class='ocrx_word' id='word_1_61' title='bbox 362 2558 478 2623; x_wconf 88' lang='lat' dir='ltr'><strong>Otiosis</strong></span> <span class='ocrx_word' id='word_1_62' title='bbox 503 2561 536 2620; x_wconf 90' lang='lat' dir='ltr'><strong>in</strong></span> <span class='ocrx_word' id='word_1_63' title='bbox 559 2561 732 2623; x_wconf 84' lang='lat' dir='ltr'><strong>curriculis.</strong></span> 
     </span>
    </p>

    <p class='ocr_par' dir='ltr' id='par_1_7' title="bbox 307 2666 751 3059">
     <span class='ocr_line' id='line_1_21' title="bbox 307 2666 684 2751; baseline -0.005 -20"><span class='ocrx_word' id='word_1_64' title='bbox 307 2715 315 2731; x_wconf 93' lang='lat'><strong>.</strong></span> <span class='ocrx_word' id='word_1_65' title='bbox 359 2666 520 2730; x_wconf 87' lang='lat' dir='ltr'><strong>Denudati</strong></span> <span class='ocrx_word' id='word_1_66' title='bbox 541 2671 684 2751; x_wconf 87' lang='lat' dir='ltr'><strong>pecunia,</strong></span> 
     </span>
     <span class='ocr_line' id='line_1_22' title="bbox 359 2779 751 2852; baseline 0 -14"><span class='ocrx_word' id='word_1_67' title='bbox 359 2779 481 2839; x_wconf 77' lang='lat' dir='ltr'><strong>Armati</strong></span> <span class='ocrx_word' id='word_1_68' title='bbox 503 2791 566 2840; x_wconf 86' lang='lat' dir='ltr'><strong>tres</strong></span> <span class='ocrx_word' id='word_1_69' title='bbox 588 2780 751 2852; x_wconf 86' lang='lat' dir='ltr'><strong>moestitia,</strong></span> 
     </span>
     <span class='ocr_line' id='line_1_23' title="bbox 360 2882 716 2946; baseline 0.003 -3"><span class='ocrx_word' id='word_1_70' title='bbox 360 2882 524 2945; x_wconf 75' lang='lat' dir='ltr'><strong>Conantur</strong></span> <span class='ocrx_word' id='word_1_71' title='bbox 543 2885 716 2946; x_wconf 84' lang='lat' dir='ltr'><strong>interficere</strong></span> 
     </span>
     <span class='ocr_line' id='line_1_24' title="bbox 358 2992 698 3059; baseline 0.021 -7"><span class='ocrx_word' id='word_1_72' title='bbox 358 2992 537 3054; x_wconf 84' lang='lat' dir='ltr'><strong>Unibovem</strong></span> <span class='ocrx_word' id='word_1_73' title='bbox 559 2994 698 3059; x_wconf 87' lang='lat' dir='ltr'><strong>meridie.</strong></span> 
     </span>
    </p>

    <p class='ocr_par' dir='ltr' id='par_1_8' title="bbox 307 3101 761 3292">
     <span class='ocr_line' id='line_1_25' title="bbox 307 3101 702 3164; baseline 0.005 -2"><span class='ocrx_word' id='word_1_74' title='bbox 307 3145 316 3162; x_wconf 91' lang='lat'><strong>.</strong></span> <span class='ocrx_word' id='word_1_75' title='bbox 360 3103 446 3163; x_wconf 84' lang='lat' dir='ltr'><strong>Infra</strong></span> <span class='ocrx_word' id='word_1_76' title='bbox 468 3101 545 3163; x_wconf 90' lang='lat' dir='ltr'><strong>coeli</strong></span> <span class='ocrx_word' id='word_1_77' title='bbox 567 3104 702 3164; x_wconf 88' lang='lat' dir='ltr'><strong>tentoria</strong></span> 
     </span>
     <span class='ocr_line' id='line_1_26' title="bbox 357 3210 761 3292; baseline 0.002 -20"><span class='ocrx_word' id='word_1_78' title='bbox 357 3210 432 3272; x_wconf 91' lang='lat' dir='ltr'><strong>Non</strong></span> <span class='ocrx_word' id='word_1_79' title='bbox 455 3223 529 3272; x_wconf 88' lang='lat' dir='ltr'><strong>sunt</strong></span> <span class='ocrx_word' id='word_1_80' title='bbox 552 3210 657 3272; x_wconf 78' lang='lat' dir='ltr'><strong>aridita</strong></span> <span class='ocrx_word' id='word_1_81' title='bbox 679 3215 761 3292; x_wconf 83' lang='lat' dir='ltr'><strong>talia,</strong></span> 
     </span>
    </p>
   </div>
   <div class='ocr_carea' id='block_1_2' title="bbox 356 3307 804 3401">
    <p class='ocr_par' dir='ltr' id='par_1_9' title="bbox 356 3307 804 3401">
     <span class='ocr_line' id='line_1_27' title="bbox 356 3307 804 3401; baseline 0.007 -21"><span class='ocrx_word' id='word_1_82' title='bbox 356 3317 447 3395; x_wconf 87' lang='lat' dir='ltr'><strong>Quae</strong></span> <span class='ocrx_word' id='word_1_83' title='bbox 467 3307 658 3401; x_wconf 75' lang='lat' dir='ltr'><strong>perpetravit</strong></span> <span class='ocrx_word' id='word_1_84' title='bbox 680 3321 804 3400; x_wconf 84' lang='lat' dir='ltr'><strong>unibus,</strong></span> 
     </span>
    </p>
   </div>
   <div class='ocr_carea' id='block_1_3' title="bbox 305 3426 908 3942">
    <p class='ocr_par' dir='ltr' id='par_1_10' title="bbox 356 3426 776 3493">
     <span class='ocr_line' id='line_1_28' title="bbox 356 3426 776 3493; baseline 0.017 -7"><span class='ocrx_word' id='word_1_85' title='bbox 356 3426 400 3487; x_wconf 93' lang='lat' dir='ltr'><strong>Ut</strong></span> <span class='ocrx_word' id='word_1_86' title='bbox 422 3427 544 3490; x_wconf 82' lang='lat' dir='ltr'><strong>sedaret</strong></span> <span class='ocrx_word' id='word_1_87' title='bbox 568 3430 776 3493; x_wconf 84' lang='lat' dir='ltr'><strong>stultissimos.</strong></span> 
     </span>
    </p>

    <p class='ocr_par' dir='ltr' id='par_1_11' title="bbox 305 3536 908 3942">
     <span class='ocr_line' id='line_1_29' title="bbox 305 3536 789 3610; baseline 0.01 -17"><span class='ocrx_word' id='word_1_88' title='bbox 305 3575 315 3594; x_wconf 84' lang='grc'><strong>.</strong></span> <span class='ocrx_word' id='word_1_89' title='bbox 358 3536 513 3598; x_wconf 78' lang='lat' dir='ltr'><strong>Verentur</strong></span> <span class='ocrx_word' id='word_1_90' title='bbox 537 3539 623 3598; x_wconf 87' lang='lat' dir='ltr'><strong>miles</strong></span> <span class='ocrx_word' id='word_1_91' title='bbox 644 3536 789 3610; x_wconf 88' lang='lat' dir='ltr'><strong>reddidit,</strong></span> 
     </span>
     <span class='ocr_line' id='line_1_30' title="bbox 356 3640 758 3726; baseline 0.017 -26"><span class='ocrx_word' id='word_1_92' title='bbox 356 3640 399 3700; x_wconf 91' lang='lat' dir='ltr'><strong>Ut</strong></span> <span class='ocrx_word' id='word_1_93' title='bbox 421 3655 484 3704; x_wconf 85' lang='lat' dir='ltr'><strong>tres</strong></span> <span class='ocrx_word' id='word_1_94' title='bbox 505 3646 601 3707; x_wconf 87' lang='lat' dir='ltr'><strong>iratos</strong></span> <span class='ocrx_word' id='word_1_95' title='bbox 622 3647 758 3726; x_wconf 84' lang='lat' dir='ltr'><strong>respicit,</strong></span> 
     </span>
     <span class='ocr_line' id='line_1_31' title="bbox 353 3751 709 3833; baseline 0.028 -25"><span class='ocrx_word' id='word_1_96' title='bbox 353 3751 510 3812; x_wconf 88' lang='lat' dir='ltr'><strong>Insaniam</strong></span> <span class='ocrx_word' id='word_1_97' title='bbox 534 3753 709 3833; x_wconf 89' lang='lat' dir='ltr'><strong>prudentia.</strong></span> 
     </span>
     <span class='ocr_line' id='line_1_32' title="bbox 353 3856 908 3942; baseline 0.013 -23"><span class='ocrx_word' id='word_1_98' title='bbox 353 3856 558 3940; x_wconf 86' lang='lat' dir='ltr'><strong>Respondent</strong></span> <span class='ocrx_word' id='word_1_99' title='bbox 580 3880 638 3942; x_wconf 90' lang='lat' dir='ltr'><strong>per</strong></span> <span class='ocrx_word' id='word_1_100' title='bbox 658 3865 804 3926; x_wconf 85' lang='lat' dir='ltr'><strong>ludibria.</strong></span> <span class='ocrx_word' id='word_1_101' title='bbox 902 3882 908 3888; x_wconf 83' lang='lat'><strong>·</strong></span> 
     </span>
    </p>
   </div>
   <div class='ocr_carea' id='block_1_4' title="bbox 133 3985 390 4012">
    <p class='ocr_par' dir='ltr' id='par_1_12' title="bbox 133 3985 390 4012">
     <span class='ocr_line' id='line_1_33' title="bbox 133 3985 390 4012; baseline 0.004 -1"><span class='ocrx_word' id='word_1_102' title='bbox 133 3985 390 4012; x_wconf 30' lang='lat'><strong>*⁶⁸*—</strong></span> 
     </span>
    </p>
   </div>
   <div class='ocr_carea' id='block_1_5' title="bbox 201 4074 811 4146">
    <p class='ocr_par' dir='ltr' id='par_1_13' title="bbox 201 4074 811 4146">
     <span class='ocr_line' id='line_1_34' title="bbox 201 4074 811 4146; baseline 0.031 -28"><span class='ocrx_word' id='word_1_103' title='bbox 201 4074 244 4133; x_wconf 80' lang='lat'><strong>69,</strong></span> <span class='ocrx_word' id='word_1_104' title='bbox 263 4077 279 4121; x_wconf 80' lang='grc'><strong>3</strong></span> <span class='ocrx_word' id='word_1_105' title='bbox 317 4077 423 4134; x_wconf 81' lang='lat' dir='ltr'><strong>insania.</strong></span> <span class='ocrx_word' id='word_1_106' title='bbox 592 4091 634 4146; x_wconf 77' lang='lat' dir='ltr'><strong>tt),</strong></span> <span class='ocrx_word' id='word_1_107' title='bbox 653 4087 670 4137; x_wconf 78' lang='lat'>4</span> <span class='ocrx_word' id='word_1_108' title='bbox 706 4086 811 4137; x_wconf 77' lang='lat' dir='ltr'><strong>rincum</strong></span> 
     </span>
    </p>
   </div>
   <div class='ocr_carea' id='block_1_6' title="bbox 0 0 1324 4650">
    <p class='ocr_par' dir='ltr' id='par_1_14' title="bbox 0 0 1324 4650">
     <span class='ocr_line' id='line_1_35' title="bbox 0 0 1324 4650; baseline 0 6"><span class='ocrx_word' id='word_1_109' title='bbox 0 0 1324 4650; x_wconf 95' lang='lat' dir='ltr'><strong> </strong></span> 
     </span>
    </p>
   </div>
  </div>
 </body>
</html>
