2640 4650
169 249 233 314 260
552 234 805 301 nonasts.

646 468 710 526 leo.

173 584 233 640 505
280 575 342 637 ‘Nil
359 575 435 635 mibi
459 587 520 635 tam
541 574 669 650 belium,
690 592 806 645 esrum,
830 591 925 652 quam
946 570 1054 632 virere
1067 576 1215 638 sanum?

282 684 444 747 Flentibus
466 682 516 741 hic
540 683 645 760 paucis
668 678 796 742 discedit
818 682 954 741 moestus
979 681 1103 743 amicis.

276 793 413 852 Jusseret
438 800 470 849 ut
494 789 619 866 vulpes,
643 798 760 847 certant
782 804 970 864 componere
992 785 1102 864 linces,

281 899 360 958 Cum
383 896 499 978 quibus
520 905 565 954 est
591 912 701 968 ursus,
729 893 835 955 nativo
855 912 1017 953 murmure
1039 905 1166 974 motus,

276 1005 359 1067 Nam
383 1015 476 1083 caput
499 1015 592 1084 atque
613 1001 709 1082 pedes
733 1003 767 1061 hi
795 1003 915 1064 salvant
935 1002 1154 1080 excoriantes,

173 1125 235 1183 510
279 1117 329 1178 Ab
352 1111 491 1175 humeris
527 1130 651 1172 sursum
682 1108 843 1171 denudant
873 1129 972 1191 usque
996 1107 1165 1191 deorsum,

278 1223 438 1302 Unguitur
466 1220 632 1294 infirmus,
652 1219 865 1299 praecingitur
888 1240 923 1280 ac
944 1220 1124 1284 refovetur.

280 1334 359 1395 Cum
384 1327 533 1393 resideret
556 1328 662 1403 humi,
696 1328 785 1405 jussit
807 1328 867 1389 sibi
890 1329 1003 1409 poeuis
1024 1329 1115 1406 ferri,

281 1442 325 1505 Ut
347 1436 502 1502 modicum
525 1439 667 1514 biberat,
689 1437 851 1498 confestim
875 1437 948 1499 talia
971 1448 1097 1499 namet:

622 1547 743 1625 vtripes.

283 1657 366 1717 ‘Heu
386 1653 528 1717 malefida
551 1655 674 1728 cohors,
700 1655 780 1714 male
802 1666 886 1714 sarto
907 1652 1033 1715 foedere
1056 1670 1211 1735 consors,

175 1774 236 1829 515
281 1762 382 1840 Quam
407 1777 524 1825 temere
543 1761 576 1821 in
599 1775 721 1824 vosmet
740 1764 838 1841 legem
867 1762 990 1825 sancitis
1012 1760 1158 1844 iniquam

282 1873 316 1936 Si
338 1875 483 1937 volumus
504 1870 605 1950 genti,
628 1872 655 1932 si
683 1873 774 1933 nobis
796 1872 903 1934 vivere
925 1871 999 1944 cari,

283 1984 370 2044 Dum
392 1983 481 2056 licet,
511 2002 546 2041 ac
568 1981 690 2042 vultum
713 1992 815 2043 servat
836 1982 964 2042 fortuna
985 1978 1172 2060 benignum,

280 2090 375 2170 Legis
397 2088 556 2152 decretum
583 2109 742 2153 servemus
774 2111 862 2152 more
885 2098 1061 2169 parentum,
1132 2144 1139 2153 .

279 2197 404 2277 indigni
428 2219 618 2281 quocunque
644 2219 751 2261 sumus
775 2199 968 2279 disrumpere
991 2195 1113 2278 foedus,

176 2315 238 2371 520
281 2310 368 2370 Haec
390 2328 441 2370 res
464 2320 629 2368 conservat
653 2313 775 2383 junctos
798 2320 828 2369 et
847 2306 948 2387 jungit
971 2307 1097 2370 amieos.

280 2418 321 2477 At
340 2435 398 2476 vos
419 2416 552 2476 virtutes
573 2415 655 2494 ipsas
678 2416 831 2478 invertitis
850 2437 968 2493 omnes,

212 2558 216 2564 ·
280 2526 353 2588 Non
380 2523 458 2585 mihi
476 2522 642 2600 judicium,
665 2523 719 2586 sed
741 2525 831 2587 vobis
856 2525 973 2606 ponitis
995 2524 1117 2606 ipsum3

278 2631 419 2694 Dedecet
437 2631 522 2694 hunc
542 2653 646 2713 regem
672 2636 824 2696 rationem
850 2633 986 2694 scribere
1010 2633 1113 2708 talem,
1198 2634 1203 2639 '

280 2745 401 2804 Absens
426 2740 602 2819 damnetur,
624 2742 685 2804 nisi
708 2745 827 2823 legibus
849 2754 920 2802 ante
944 2754 1083 2818 vocetur,

177 2853 239 2909 525
284 2846 318 2909 si
340 2848 483 2929 sequitur
504 2848 621 2926 legem,
647 2851 837 2912 mercabitur
860 2847 998 2929 undique
1019 2845 1156 2921 laudem,

286 2954 320 3017 Si
341 2955 456 3036 reiugit
477 2955 625 3037 placitum
644 2960 740 3018 semel
762 2979 796 3019 ac
819 2959 866 3019 bis
889 2969 1000 3040 terque
1024 2960 1167 3040 petitum,

280 3064 347 3128 Nec
370 3065 483 3148 premit
502 3066 587 3127 hunc
610 3069 739 3128 morbus
757 3065 922 3148 tardatque
944 3065 1077 3129 vicarius
1094 3067 1201 3145 hujus,

184 3214 186 3219 -
284 3173 345 3234 Hie
367 3175 451 3235 subit
473 3185 503 3233 et
523 3175 641 3253 perfert
663 3175 748 3257 quod
771 3175 904 3257 quisque
928 3175 1059 3237 viriiiter
1078 3177 1200 3252 borret,

281 3280 348 3342 Nec
370 3282 408 3342 sit
428 3279 599 3360 lugendus,
632 3284 658 3344 si
680 3283 802 3364 deperit
823 3285 855 3344 in
883 3304 973 3345 cruce
996 3297 1113 3346 tensus.

175 3393 238 3452 530
263 3389 401 3453 verum
421 3390 468 3452 nil
489 3366 612 3452 sceleris
635 3392 728 3452 faciat
758 3393 810 3473 pia
832 3391 959 3453 dextera
981 3394 1073 3472 regis,

281 3495 431 3558 Sensibus
454 3497 616 3570 intendat,
637 3500 713 3580 legis
736 3514 903 3581 praecepta
925 3502 1076 3577 revolvat,

281 3604 392 3666 Mitius
414 3605 524 3666 acclini
547 3605 675 3685 timido,
698 3628 792 3688 quam
815 3599 909 3670 corde
931 3609 1074 3685 tumenti,

280 3713 407 3775 Nullius
431 3734 484 3776 ore
508 3715 567 3775 viri
592 3715 675 3777 sensi
697 3738 754 3779 nec
776 3716 894 3779 discere
918 3718 1015 3800 quivi.

277 3822 412 3885 Tardius
438 3821 568 3899 adveni,
591 3825 686 3902 magis
708 3826 773 3889 istis
797 3827 944 3890 omnibus
969 3827 1027 3903 egi,

173 3937 234 3993 535
280 3931 421 3997 Obsecro
442 3935 613 3996 clementer
633 3935 775 3995 mihimet
803 3939 964 3999 mitescere
984 3954 1110 4014 regem:

279 4039 312 4102 Si
343 4045 423 4107 maie
453 4039 530 4125 quid
552 4038 639 4119 dixi,
661 4045 808 4125 reprobet
830 4066 908 4125 grex
935 4046 1023 4107 istius
1047 4042 1140 4115 antri,
