2640 4650
456 301 833 372 uiuri-rancus.
948 253 951 257 ¹
1119 304 1161 372 19·

138 550 200 607 465
245 545 371 606 Laetior
392 544 423 603 in
447 539 583 602 medium
606 541 760 620 prompsit
783 538 821 599 de
843 555 968 620 pectore
994 552 1142 616 verbum:

247 648 465 728 ‘Congaudete
489 649 585 727 mihi,
604 668 737 728 quaeso,
761 648 834 728 quia
858 650 929 710 talia
955 649 1046 735 novi,

241 759 437 822 Waltlrarius
458 757 575 835 collega
598 776 685 816 uteris
706 757 854 816 remeavit
876 759 915 816 ab
939 761 1062 827 Hunis.'

242 869 460 942 Vociferatur,
488 879 519 926 et
540 864 640 926 omnis
666 864 694 924 ei
717 885 793 924 mox
816 867 886 924 aula
905 872 1061 938 reclamat.

241 976 436 1038 Guntharius
457 975 602 1054 princeps
625 993 665 1032 ex
691 973 889 1033 lucratione
910 983 1082 1064 superbus,

137 1092 198 1150 470
242 1082 462 1163 ‘Congaudete
484 1082 562 1144 milri
582 1083 695 1159 iubeo,
724 1082 798 1162 quia
819 1083 890 1142 talia
909 1086 984 1146 vixi.

245 1197 362 1258 Gazam
386 1215 480 1276 quam
507 1193 640 1252 Gibiclto
661 1192 726 1268 regi
749 1191 918 1252 transmisit
939 1215 1015 1274 eoo,

243 1305 333 1378 Hanc
355 1322 439 1362 nunc
457 1302 669 1379 cunctipotens
691 1301 753 1358 huc
776 1297 808 1356 in
830 1321 899 1361 mea
915 1315 1010 1383 regna
1024 1313 1161 1380 remisit?

243 1411 329 1470 Haec
351 1411 410 1482 ait,
441 1421 471 1466 et
493 1427 630 1467 mensam
654 1407 732 1485 pede
757 1410 889 1488 perculit
914 1413 1107 1500 exiliensque
1144 1415 1149 1420 ’

244 1516 370 1578 Ducere
394 1530 510 1598 equum
531 1518 634 1592 Jubet,
667 1528 697 1576 et
724 1519 798 1577 sella
822 1539 1011 1599 componere
1033 1535 1162 1617 sculpta,

140 1629 201 1688 475
246 1627 348 1707 Atque
370 1625 457 1687 omni
478 1623 517 1684 de
538 1627 630 1706 plebe
651 1626 735 1688 viros
757 1637 862 1687 secum
886 1627 1065 1714 duodenos,

243 1736 371 1795 Viribus
395 1733 546 1812 insigues,
578 1736 689 1796 animis
712 1731 896 1816 plerumque
917 1741 1068 1817 probatos

241 1843 390 1922 Legerat,
414 1843 497 1904 inter
518 1864 598 1925 quos
621 1844 713 1904 simul
736 1845 780 1903 ire
804 1845 975 1922 Haganona
996 1855 1137 1938 jubebat,

245 1951 308 2027 Qui
332 1969 450 2012 mernor
473 1955 620 2033 antiquae
641 1950 714 2012 fidei
735 1952 873 2032 sociique
895 1957 1027 2036 prioris,

243 2061 362 2123 Nititur
384 2083 402 2120 a
425 2060 542 2139 coeptis
564 2060 726 2119 domiuum
750 2072 957 2121 transvertere
978 2068 1083 2135 rebus.
1106 2096 1107 2101 ¹

139 2174 201 2234 480
244 2171 314 2230 Rex
337 2181 440 2229 tamen
464 2187 481 2224 e
503 2178 613 2226 contra
635 2166 837 2224 nihilomiuus
860 2166 953 2228 instat
975 2183 1006 2230 et
1026 2176 1111 2245 infit:

216 2270 220 2275 ’
247 2277 312 2339 ‘Ne
331 2273 450 2336 tardata
472 2274 549 2350 viri,
578 2272 765 2354 praecingite
789 2293 924 2353 corpora
943 2278 1029 2344 ferro

248 2386 371 2463 Fortia,
396 2405 580 2467 squamosus
602 2385 715 2445 thorax
743 2389 803 2461 jam
829 2396 915 2463 terga
938 2392 1097 2460 recondat.

243 2497 302 2556 Hic
317 2507 444 2556 tantum
466 2516 560 2574 gazae
582 2493 716 2555 Francia
733 2492 865 2553 deducat
886 2497 925 2554 ab
949 2497 1052 2564 orisi'

243 2603 392 2665 Instructi
413 2606 499 2681 telis,
521 2625 593 2663 nam
613 2603 709 2679 jussio
731 2603 813 2680 regis
836 2601 982 2682 adurget,

140 2713 200 2771 485
243 2713 380 2773 Exibunt
401 2714 518 2791 portis,
540 2706 575 2773 te*
596 2712 809 2772 Waltbarium
833 2711 993 2790 cupientes

243 2817 395 2891 Cernere,
423 2831 453 2877 et
476 2820 631 2878 imbellem
654 2818 747 2877 lucris
768 2817 915 2879 fraudare
937 2832 1093 2898 putantes.

248 2925 308 2986 Sed
332 2938 432 2985 tamen
458 2923 646 2984 omnimodis
666 2925 795 3002 Hagano
821 2926 989 3003 probibere
1010 2931 1166 2999 studebat.

249 3034 290 3090 At
308 3051 367 3090 rex
387 3032 498 3089 infelix
523 3033 640 3108 coeptis
663 3032 846 3107 resipiscere
870 3051 932 3089 non
955 3035 1034 3093 vult.

220 3117 355 3201 Interea
375 3142 424 3202 vir
445 3141 660 3215 magnanimus
684 3138 721 3198 de
743 3140 872 3198 flumine
896 3160 1026 3218 pergens

143 3258 205 3314 490
250 3256 389 3314 Venerat
409 3254 442 3313 in
465 3238 577 3312 saltum
599 3257 661 3328 jam
684 3266 749 3314 tum
767 3254 926 3330 Vosagum
948 3255 1124 3320 vocitatum.

245 3363 327 3424 Nam
350 3383 459 3422 nemus
484 3373 528 3421 est
550 3361 674 3439 ingens,
697 3365 881 3442 spatiosum,
904 3365 1001 3427 lustra
1023 3369 1162 3430 ferarum

245 3473 382 3535 Plurima
402 3473 535 3545 babens,
558 3482 681 3530 suetum
697 3465 826 3532 canibus
840 3493 988 3534 resonare
1006 3479 1163 3558 tubisque.

173 3660 177 3667 Ι
244 3574 379 3642 Sunt'in
402 3600 526 3661 secessu
546 3579 613 3639 bini
636 3592 820 3659 montesque
843 3581 1034 3660 propinqui,

194 3760 246 3809 466
266 3771 366 3808 mecum
385 3756 405 3806 l.
461 3759 514 3804 468
541 3751 736 3818 (mundiarios
762 3756 787 3801 et
811 3753 893 3801 omnis
916 3752 948 3808 B.
1011 3759 1063 3808 469
1089 3761 1163 3809 uoci.

140 3849 238 3899 lerator
259 3849 288 3899 B.
334 3849 387 3896 470
405 3847 465 3895 ttoni
487 3845 516 3896 B.
566 3847 808 3898 lwnuncnonne
828 3844 858 3893 Α.
906 3848 1043 3896 472ηιιηο
1062 3845 1122 3896 milri
1141 3848 1163 3902 l.

142 3941 194 3989 478
213 3937 319 4003 pertulit
332 3937 362 3989 C.
406 3939 458 3986 476
477 3934 595 3986 aunisc.
638 3937 690 3983 477
710 3931 826 3995 bagenon
847 3933 959 3983 audebat
973 3936 1003 3986 B.
1030 3933 1163 4000 haganone

140 4016 181 4077 ire
200 4025 221 4077 l.
257 4029 309 4074 479
327 4026 442 4090 acceptis
461 4028 492 4078 A.
530 4028 580 4075 481
602 4013 754 4090 precingere
772 4023 803 4074 B.
819 4023 840 4073 l.
882 4028 933 4074 483
956 4026 1062 4079 Frartcia
1080 4044 1163 4097 gazae

143 4114 251 4166 deduxit
268 4114 297 4165 C.
351 4117 404 4164 490
422 4115 472 4165 iarn
493 4122 553 4166 tunc
571 4117 600 4165 Α.
626 4129 738 4176 vosagus
753 4113 782 4164 0.

885 4210 937 4267 2*
