2640 4650
526 265 808 337 nutatura.

407 505 438 561 3.
479 494 614 577 Heriger
632 498 688 579 illi¹

479 606 598 671 Ritlene
621 606 823 690 reaponditz.
908 623 912 628 '

482 718 601 780 ‘Meum
623 719 789 789 subulcum

480 829 560 889 Illuc
584 825 623 888 ad
646 839 771 909 pastum

478 937 563 998 Volo
588 957 659 997 cum
686 935 799 998 macris

479 1045 607 1106 Mittere
628 1047 752 1126 porcia)

434 1196 444 1216 .
485 1152 546 1216 Vir
567 1153 609 1214 ait
631 1153 749 1215 falsus:

479 1261 516 1324 ‘F
518 1261 551 1322 ui
570 1263 742 1322 translatus

477 1371 516 1431 In
538 1370 690 1450 templum
711 1367 802 1444 coeli,

479 1478 702 1562 Christumque
727 1477 793 1541 vidi

478 1588 611 1651 Laetum
635 1587 795 1650 sedentem

477 1696 517 1757 Et
540 1695 766 1758 comedentem.

428 1850 437 1868 .
479 1805 638 1869 Jobannea
667 1807 801 1887 baptista

477 1915 552 1976 Erat
574 1915 737 1995 pincerna,

476 2024 580 2105 Atque
603 2027 758 2104 praeclari

476 2135 593 2194 Pocula
614 2134 682 2196 vini
719 2179 722 2184 -

475 2239 622 2300 Porrexit
643 2241 760 2301 cunctis

384 2431 387 2436 .
474 2348 603 2409 Vocatis
625 2347 759 2410 sanctie?

428 2501 436 2519 .
478 2457 609 2534 Heriger
634 2457 691 2518 ait:

475 2564 661 2626 ‘Prudenter
685 2566 747 2643 egit
821 2620 824 2624 Α

479 2673 622 2736 Christus
643 2674 819 2738 Johannem

476 2785 602 2847 Ponens
624 2785 816 2865 pincernam,

473 2889 632 2966 Quoniam
654 2891 763 2953 vinum
826 2882 829 2886 ⁴

472 3001 546 3064 Non
570 3002 649 3062 bibit
671 3018 821 3081 unquam.
859 3081 861 3085 ἲ

424 3153 434 3172 .
475 3108 617 3197 Mendax
637 3107 791 3191 probaris,

474 3217 554 3280 Cum
574 3220 703 3280 Petrum
727 3215 807 3278 dicia·

471 3329 550 3389 Illuc
571 3328 754 3406 magistrum

470 3435 547 3498 Eme
569 3456 734 3498 cocorum:
838 3490 840 3495 .

472 3537 528 3606 Est
549 3545 627 3626 quia
647 3542 762 3606 summi

472 3651 595 3715 Janitor
616 3653 706 3716 coeli.
739 3706 743 3713 .

217 3830 276 3892 a,t
316 3823 442 3893 Herigere
775 3831 838 3894 4,2
873 3824 936 3876 Fuit
1220 3881 1223 3886 ,

217 3923 244 3973 t.
281 3919 408 3985 florigera
435 3927 546 3976 autwnrt
570 3923 596 3974 iu
613 3923 702 3988 bezug
721 3921 769 3973 uui
784 3923 879 3974 Petrus
898 3916 988 3979 ποίει,
1009 3913 1170 3967 datavere

146 4006 238 4062 odera
256 4011 315 4063 eine
329 4011 435 4079 strophe
454 4015 615 4080 ausgetelten
635 4016 687 4078 ist,
707 4015 732 4066 in
751 4011 862 4065 weteber
878 4007 925 4057 der
943 4007 1101 4059 abenteumt
1117 3999 1168 4051 deu

146 4100 242 4154 renue
260 4103 300 4154 ate
318 4104 491 4160 mebterkocb
511 4107 557 4160 dee
575 4105 693 4161 bimmele
711 4101 864 4170 dargestettt
882 4095 963 4147 batte.
