2640 4650
469 259 850 331 weurflslttus

156 387 390 400 *ou-⁶¹⁶·-

254 496 373 560 lntuitu
397 495 502 569 ferris,
531 513 695 575 nunquam
715 493 866 554 meruisse
887 492 1036 555 valerem.

258 605 320 666 Sed
339 622 454 683 precor
476 616 509 664 ut
530 602 615 666 servi
637 601 765 683 capiatis
786 602 885 663 verba
905 599 1027 664 fidelis:

154 717 216 771 150
257 709 293 773 Si
310 723 440 792 nuptam
463 711 612 792 accipiam
635 710 755 772 domini
777 722 943 792 praecepta
965 708 1155 788 secundum,

258 819 389 883 Vinciar
409 820 441 880 in
463 821 573 900 primis
595 821 677 881 curis
699 832 730 882 et
749 839 856 881 amore
877 820 1023 899 puellae,

258 930 363 1010 Atque
386 951 404 990 a
425 929 553 992 servitio
576 929 657 1007 regis
678 929 867 1010 plerumque
888 924 1045 989 retardor.

257 1036 431 1099 Aedificare
457 1035 587 1114 domos,
621 1039 803 1120 cultumque
828 1033 992 1097 intendere
1014 1037 1098 1098 ruris

259 1144 381 1226 Cogor,
410 1159 440 1208 et
464 1147 524 1208 hoc
547 1146 644 1208 oculis
667 1146 799 1208 senioris
822 1143 930 1207 adesse
950 1157 1111 1222 moratur,

154 1259 215 1317 155
258 1255 298 1317 Et
320 1257 442 1318 solitam
463 1276 560 1335 regno
580 1256 748 1318 Hunorum
771 1255 953 1337 impendere
975 1278 1092 1320 curam.

257 1363 402 1448 Namque
422 1366 614 1445 voluptatem
637 1363 781 1445 quisquis
804 1364 993 1442 gustaverit,
1016 1364 1090 1427 exin

259 1472 493 1534 Intolerabilius
517 1473 679 1536 consuevit
703 1473 788 1534 serre
809 1476 946 1536 labores.

263 1577 1141 1664 mmmmmmmmmmmmfflfi

263 1685 426 1773 Obsequio
452 1691 589 1770 domini3
618 1713 734 1773 quare,
756 1712 887 1773 precor,
908 1692 1026 1772 absque
1044 1687 1139 1766 jugali

162 1801 223 1858 160
264 1798 319 1861 Me
339 1799 442 1864 vinclo
464 1800 612 1881 permitte
633 1821 735 1863 meam
756 1806 819 1879 jam
842 1800 955 1862 ducere
977 1797 1084 1861 viram.

261 1906 297 1970 Si
317 1927 388 1971 sero
413 1921 467 1971 sut
486 1908 608 1972 mediae
631 1909 731 1974 noctis
752 1909 828 1972 mihi
853 1920 994 1989 tempore
1015 1904 1164 1984 mandas,

260 2015 311 2079 Ad
335 2038 541 2101 quaecunque
562 2021 652 2097 jubes
674 2039 802 2084 securus
823 2031 854 2081 et
874 2017 929 2081 ibo
950 2029 1089 2098 paratus.

260 2124 298 2185 In
321 2125 411 2186 bellis
432 2128 538 2187 nullae
560 2124 752 2206 persuadent
774 2123 885 2189 cedere
907 2146 1024 2215 curae,

262 2231 1187 2319 Necnstiautconjuxretrshentquefugamquemovebunt.

158 2342 219 2400 165
263 2340 377 2403 Testor
394 2363 452 2422 per
467 2341 630 2424 propriam
655 2355 766 2418 temet,
789 2353 880 2421 pater
903 2344 1040 2423 optime,
1060 2338 1163 2415 vitam,

262 2447 367 2532 Atque
388 2470 447 2531 per
467 2451 614 2514 invictam
637 2471 722 2512 nunc
744 2459 869 2529 gentem
890 2450 1142 2525 Pannoniarum,

261 2555 304 2619 Ut
325 2579 390 2620 non
413 2560 543 2622 ulterius
565 2582 616 2624 me
638 2577 728 2637 cogas
750 2578 876 2621 sumere
894 2556 1020 2621 taedas?

262 2665 320 2726 His
343 2668 490 2746 precibus
514 2670 614 2732 victus
636 2686 747 2730 suasus
768 2688 828 2730 rex
851 2666 967 2731 deserit
987 2681 1113 2740 omnes,

260 2771 397 2855 Spemne
419 2777 634 2839 Walrharium
656 2773 806 2856 fugiendo
821 2775 980 2849 secedere
1008 2795 1184 2858 nunquam.

158 2893 220 2948 170
235 2856 388 2950 Venerat
410 2890 530 2952 interea
557 2903 699 2970 satrapae
723 2889 895 2952 certissima
916 2891 1018 2952 fames

264 2991 445 3073 Quendam,
472 3019 552 3080 quae
575 3019 677 3078 nuper
696 3012 859 3080 superata,
887 2998 1032 3063 resistere
1053 3009 1187 3078 gentem,

259 3104 304 3166 Ac
325 3104 441 3167 beilum
464 3106 568 3168 Hunis
590 3107 754 3168 confestim
778 3109 897 3172 inierre
918 3121 1073 3190 paratam.

225 3183 337 3280 Tunc
358 3217 397 3279 ad
420 3218 635 3281 Waltharium
659 3223 855 3283 convertitur
877 3223 958 3284 actio
978 3241 1101 3295 rerum3

261 3323 325 3399 Qut
345 3347 422 3388 mox
444 3329 584 3390 militiam
607 3328 785 3409 percensuit
807 3328 920 3392 ordine
941 3340 1056 3400 totam,

156 3438 217 3494 175
261 3431 300 3494 Et
322 3435 510 3497 bellatorum
532 3437 689 3499 confortat
710 3435 807 3497 corda
828 3456 974 3510 suorum,
1047 3472 1053 3483 ·

259 3542 398 3603 Hortans
420 3547 603 3623 praeteritos
626 3565 748 3625 semper
771 3563 946 3608 memorare
967 3536 1161 3618 triumphos,

258 3649 512 3734 Promittensque
535 3654 611 3715 istos
634 3652 726 3713 111111
750 3653 864 3716 virtute
886 3662 1038 3731 mannos

258 3757 423 3836 Sternere,
447 3772 478 3820 et
500 3748 640 3822 externis
663 3773 817 3824 terrorem
838 3759 1001 3838 imponere
1024 3751 1127 3814 terris.

151 3909 447 3930 ⁸¹·—u—-——-.-

208 3993 262 4043 too
282 3990 423 4043 vinetore.
470 3992 655 4045 teuerstatt.
693 3995 745 4046 151
764 3985 905 4043 (11111111.
946 3988 1183 4042 1611111111.
1291 4057 1296 4068 ¹

152 4084 204 4133 161
224 4081 329 4133 atterius
350 4079 383 4134 H.
441 4083 492 4132 169
510 4083 653 4135 psalterios
673 4083 703 4141 B.
762 4082 814 4133 trs
830 4076 984 4146 inpendere
1003 4081 1034 4135 C.
