2640 4650
491 272 871 381 waltramnus

298 514 428 575 Loricas
450 531 578 593 quoque
602 532 673 571 cum
695 512 789 588 galeis
814 507 992 569 detraxerat
1014 509 1095 570 ollis.

144 606 148 611 ¹
172 627 253 685 1195
298 617 444 694 Quatuor
465 617 515 678 his
535 619 676 679 oneravit
689 638 804 700 equos,
827 635 1038 699 sponsamque
1051 630 1194 679 vocatam

200 807 202 813 ³
296 730 450 810 Imposuit
473 726 603 809 quinto,
621 740 752 787 >sextum
776 727 999 790 conscenderat
1018 729 1102 813 ipset,

298 839 337 900 Et
358 839 478 919 primus
500 838 584 900 vallo
605 850 790 917 perrexerat
810 840 878 917 ipse
899 837 1036 901 revulso.

294 952 353 1026 At,
386 947 459 1008 dum
484 948 641 1008 constricti
664 959 849 1028 penetratur
872 947 980 1008 semita
1003 947 1104 1021 callis,

296 1055 551 1138 Circumquaque
575 1057 672 1118 oculis
695 1059 864 1138 explorans
886 1055 991 1117 omnia
1013 1053 1117 1136 puris,

83 1169 85 1173 ’
168 1173 251 1247 1200
294 1167 433 1227 Auribus
458 1166 585 1227 arrectis
607 1178 717 1228 ventos
740 1167 875 1246 captavit
897 1178 927 1227 et
949 1185 1058 1241 auras,

196 1292 198 1297 ’
295 1276 328 1339 Si
351 1279 401 1338 vel
423 1288 595 1338 mussantes
618 1257 747 1337 sentiret
768 1277 819 1337 vel
841 1275 1033 1354 gradientes,

294 1385 366 1449 Sive
391 1389 601 1467 superborum
626 1386 808 1466 crepitantia
831 1387 919 1448 frena
940 1387 1100 1463 virorum,

292 1494 354 1557 Seu
380 1497 487 1556 saltem
510 1497 625 1556 serrata
647 1515 759 1556 sonum
782 1493 870 1556 daret
890 1497 1006 1573 ungula
1023 1513 1188 1576 equorum.

256 1583 440 1691 Postquam
463 1623 573 1670 cuncta
594 1609 685 1668 silere
707 1608 806 1684 videt,
824 1610 994 1689 praevertit
1015 1620 1145 1670 onustos

74 1719 76 1723 ⁴
167 1717 254 1782 1205'
296 1719 540 1801 Quadrupedes,
561 1724 722 1783 mulierem
749 1722 842 1785 etiam
864 1723 1050 1803 praecedere
1070 1723 1177 1800 jussit·
1257 1770 1267 1784 .

292 1809 413 1891 Scrinia
435 1842 603 1909 gestantem
629 1831 858 1912 comprendens
877 1833 945 1914 ipse
968 1833 1136 1909 cavallum,

289 1937 392 2000 Audet
413 1939 492 2024 inire
512 1939 595 1999 viam
618 1952 767 2028 consueto
791 1941 909 2003 cinctus
932 1941 1055 2021 amictu.
1175 1931 1176 1934 ¹

289 2049 378 2108 Mille
401 2051 467 2109 sere
491 2069 599 2130 passus
623 2048 830 2125 transcendit,
860 2062 890 2109 et
911 2070 980 2109 ecce
1001 2047 1121 2127 puella,

288 2155 390 2217 Sexus
414 2157 508 2218 euim
521 2158 638 2236 fragilis
659 2160 763 2220 animo
785 2158 941 2241 trepidare
963 2159 1078 2236 coegit,

162 2268 245 2325 1210
289 2265 471 2345 Respiciens
489 2280 561 2347 post
586 2281 671 2346 terga
691 2267 777 2331 videt
799 2266 985 2331 descendere
1009 2268 1099 2329 binos

287 2371 432 2448 Quodam
454 2378 532 2438 colle
555 2369 639 2440 viros
660 2381 772 2460 raptim
796 2393 826 2442 et
848 2381 1184 2458 sinemuremeantes3

284 2482 522 2568 Exsanguisque
542 2487 646 2574 virum
669 2491 833 2571 compellat
857 2510 934 2553 voce
956 2502 1138 2572 sequentem

284 2593 495 2672 ‘Dilatusjam
505 2595 575 2658 finis
587 2597 683 2662 adest.
706 2603 789 2680 fuge,
805 2598 930 2676 domne,
944 2594 1182 2685 propinquant!²

285 2697 1091 2794 Qumfflcmmwnmmswffimuuimmt

158 2814 240 2873 1215
283 2812 459 2875 ‘Incassum
481 2818 596 2879 multos
619 2840 689 2881 mea
711 2819 841 2882 dextera
862 2818 989 2880 fuderat
1010 2822 1130 2892 hostes,

282 2916 437 3010 Sissmodo
460 2926 615 3005 supremis
636 2928 824 3007 lausdesit,
854 2926 988 2992 dedecus
1011 2933 1092 2992 assit.

282 3025 337 3088 Est
353 3031 448 3090 satius
456 3074 466 3108 ,
486 3036 649 3113 pulchram
661 3058 719 3118 per
731 3038 862 3101 vulnera
873 3059 1026 3120 quaerere
1037 3050 1178 3113 mortem,

282 3134 384 3211 Quam
407 3143 509 3203 solum
531 3133 650 3206 amissis
673 3146 809 3226 palando
834 3145 967 3210 evadere
989 3151 1093 3210 rebus.

280 3248 400 3315 Verum
423 3238 488 3314 non
509 3251 587 3315 adeo
610 3269 684 3317 sunt
706 3254 901 3339 desperanda
924 3258 1031 3319 salutis

154 3356 238 3414 ww
280 3355 1085 3447 ὼωωὼωωωᾱῳωὼωωψωρώὼ.

244 3470 246 3475 ’
276 3463 398 3528 Aurum
421 3471 567 3548 gestantis
588 3484 655 3534 tute
677 3475 780 3555 accipe
802 3478 871 3537 lora
891 3474 1009 3550 leonis,

224 3664 292 3712 1194
312 3680 376 3728 quas
394 3682 452 3720 cum
467 3667 498 3723 C.
544 3673 611 3722 1201
633 3679 776 3725 mussantes
793 3675 890 3744 pariter
905 3650 941 3726 11..
981 3671 1050 3722 1204
1068 3672 1175 3720 onustas

151 3755 181 3805 A.
200 3751 231 3804 E.
286 3759 357 3807 1206
380 3760 600 3828 comprehendens
619 3765 651 3816 C·
707 3768 778 3818 1201
803 3767 898 3818 amicto
916 3764 947 3815 C.
1005 3764 1075 3814 1209
1094 3755 1174 3813 sesua

149 3841 263 3897 tasso.
321 3851 390 3900 ¹2¹⁰
415 3853 575 3919 tersevtros
595 3855 627 3906 u.
685 3862 751 3911 rau
781 3854 985 3912 cottevuetu.
1040 3859 1112 3907 1212
1130 3871 1174 3908 se-

91 3965 94 3971 ·
148 3945 244 4004 quente
263 3941 340 3997 Μ).
385 3946 455 3995 1216
474 3945 496 3996 εἰ
515 3962 583 3999 unire
602 3950 627 3999 in
648 3951 698 4002 fine
716 3951 748 4006 D.
770 3951 841 4004 adsit
857 3948 878 4002 1.
921 3950 993 3998 1218
1013 3948 1172 4003 balandol).

150 4033 219 4083 1219
245 4048 334 4088 verum
360 4038 426 4090 enim
450 4037 531 4089 adero
553 4030 603 4091 sibi
628 4041 701 4111 desp.
727 4045 757 4097 t).
812 4043 882 4094 1220
902 4041 993 4110 pericli
1013 4042 1047 4099 Ε.
1103 4046 1168 4095 1221
1243 4070 1252 4076 -

147 4122 241 4189 accipit
260 4124 280 4175 l.
