2640 4650
169 282 233 349 rso
346 276 648 349 nuoontnn
688 274 1010 364 tngnxtttxtt'.

249 843 306 904 llle
324 843 524 922 ligaminibus
544 840 584 903 de
604 841 721 902 Lukka
740 859 834 899 crura
855 837 1007 919 coemptis

248 992 571 1015 .......
614 971 669 1012 cca
687 949 749 1010 sibi
778 946 927 1008 fluitaret.

246 1064 352 1145 Atque
369 1081 466 1142 super
482 1060 613 1142 pedules
631 1081 666 1121 se
689 1059 840 1120 calceolos
859 1056 1010 1120 serioetos

165 1176 206 1232 05
250 1212 574 1231 .......
614 1168 697 1230 inxit
724 1168 879 1230 sericosis.

247 1278 441 1340 contribulis
460 1280 577 1340 rubeos
600 1299 708 1341 soccos
727 1282 787 1339 sub
809 1278 1019 1340 corduanellis

246 1429 570 1450 .......
613 1388 736 1468 g'estans
757 1390 909 1468 operosis.

246 1496 350 1558 Ambo
370 1496 510 1575 ligaturis
530 1496 693 1573 conjunxit
714 1515 807 1555 crura
827 1493 967 1574 gemellis

246 1643 564 1667 .......
608 1616 680 1663 sunt
703 1603 842 1681 margine
868 1617 999 1666 cunctae

168 1715 230 1770 100
251 1711 280 1772 Α
300 1713 416 1795 quibus
437 1727 467 1775 et
487 1714 603 1775 multae
623 1710 802 1792 dependent
822 1711 965 1798 undique
989 1719 1095 1783 bullae

251 1865 586 1888 .......
627 1823 730 1882 luerat
749 1823 937 1887 varicosum.

253 1936 334 1997 Prae
354 1935 406 2000 rel
423 1946 496 2016 post
516 1932 622 1994 lissum
643 1932 696 1994 vel
719 1933 963 2018 circumquaque
982 1939 1124 2017 gulstum

248 2084 572 2108 .......
613 2039 699 2102 inam
721 2043 871 2122 ponendo
900 2047 1092 2126 profundam

252 2155 351 2219 Fibru
371 2154 533 2215 limbatam
554 2153 620 2213 lato
642 2151 735 2212 nimis
755 2165 851 2234 atque
871 2155 986 2233 nigello

167 2272 228 2330 105
250 2306 577 2329 .......
618 2261 750 2325 donarit
770 2260 929 2341 digitalem

252 2372 303 2439 Ad
324 2374 488 2435 minimum
509 2370 639 2452 digitum
660 2373 741 2432 bene
762 2372 818 2435 rix
849 2384 916 2434 tum
945 2372 1186 2436 convenientem

257 2524 580 2546 .......
622 2482 789 2542 interulam
810 2482 891 2542 male
910 2483 1008 2544 lotam

254 2593 376 2656 Mantel
395 2589 591 2656 mardrinum
610 2591 700 2653 senio
723 2590 901 2673 sudoreque
926 2593 1050 2656 luscum

355 2744 365 2762 .
407 2743 417 2762 .
460 2720 509 2781 ott¹
526 2698 566 2760 nd
587 2697 729 2764 dominns
749 2698 954 2780 repedabant.

250 2809 337 2887 Quas
354 2808 395 2872 ad
415 2811 569 2873 cancellos
591 2811 781 2874 invenerunt
801 2811 997 2891 speculantes

629 3215 716 3283 XIV.

48 3354 180 3412 toletel
250 3351 260 3384 ‘
261 3390 798 3414 ...........
840 3347 934 3412 credo
959 3349 1067 3414 venire

245 3456 381 3534 Quidam
400 3460 552 3522 karorum
572 3459 674 3521 nostri
693 3458 1008 3536 consanguineorum,

252 3565 315 3643 Qui
339 3566 466 3647 quando
486 3567 633 3644 veniant,
653 3568 720 3627 haec
742 3565 816 3627 dum
839 3566 1026 3651 firmentur,
1045 3570 1092 3635 ibi
1110 3572 1185 3636 sint.

249 3677 299 3740 Ad
320 3697 376 3740 vos
398 3699 482 3740 nunc
500 3677 585 3739 illam
606 3696 663 3739 ros
684 3674 816 3738 invitate
837 3681 985 3760 puellam,

164 3799 181 3853 5
249 3789 356 3851 Vestri
379 3808 564 3852 communes
582 3783 708 3849 veniant
729 3786 888 3872 utrimque
908 3787 1037 3852 fideles?
1100 3772 1108 3778 ’

252 3899 316 3978 Qui
337 3918 408 3961 cum
430 3897 605 3973 venissent,
625 3897 706 3960 hanc
726 3897 761 3959 lsi
783 3900 963 3981 circumque
986 3899 1152 3978 stetissent,

252 3996 358 4073 Certis
378 4008 551 4071 amicorum
571 4005 631 4069 cito
655 3990 750 4088 plens
769 4006 804 4068 fit
826 4005 1061 4074 advenientum.

251 4118 339 4197 Quos
360 4116 493 4183 Rddlieb
514 4117 595 4180 bene
619 4116 770 4202 suscepit,
791 4119 1031 4208 quibusoscula
1045 4121 1184 4206 praebet,
