2640 4650
460 299 835 367 wturflsutus
1136 303 1158 368 9

147 425 216 435 ——u

241 528 308 590 Nec
328 548 431 605 mora,
459 529 619 607 consurgit
641 527 845 610 sequiturque
869 527 1022 589 exercitus
1047 529 1159 592 omnis.

138 642 200 696 180
243 636 321 699 Ecce
342 640 446 698 locum
468 658 590 718 pugnae
613 648 835 718 conspexerat,
863 647 894 696 et
914 648 1108 697 numeratam

241 748 303 807 Per
322 747 400 808 latos
423 747 520 808 aciem
543 766 669 826 campos
687 744 814 824 digessit
834 756 864 805 et
886 764 989 824 agros,

244 857 376 937 Jamque
397 856 482 915 iufra
501 859 614 931 jactum
638 855 692 915 teli
718 873 900 933 congressus
923 866 1057 935 uterque

157 981 163 1001 ³
246 962 435 1025 Constiterat
457 980 594 1034 cuneus;
615 976 689 1024 tarne
711 962 850 1045 undique
874 960 1051 1025 clamored
1072 984 1163 1026 auras

244 1073 397 1151 Tollitur,
430 1072 622 1134 horrendam
647 1070 846 1134 confundunt
869 1072 994 1134 classica
1018 1092 1143 1151 vocem,

242 1182 464 1264 Continuoque
483 1182 590 1242 hastae
613 1181 742 1243 uolitant
764 1182 837 1241 hinc
859 1177 997 1262 indeque
1019 1178 1143 1243 densae.

243 1289 401 1351 Fraxinus
426 1304 456 1352 et
482 1311 597 1351 cornus
618 1289 726 1354 ludunt
750 1291 899 1351 miscebat
919 1289 953 1349 in
978 1309 1094 1367 unum,

253 1399 407 1461 Fulminis
431 1399 528 1481 inque
552 1397 679 1462 modum
703 1401 807 1479 cuspis
827 1400 951 1462 vibrata
971 1398 1114 1459 micabat.

244 1509 308 1585 Ac,
330 1508 428 1571 veluti
445 1508 565 1570 Boreae
587 1512 645 1570 sub
669 1521 809 1589 tempore
831 1509 888 1569 nix
910 1509 1081 1587 glomerata

244 1615 424 1698 Spargitur,
449 1617 533 1678 haud
559 1619 650 1680 aliter
672 1639 779 1682 saevas
800 1622 901 1695 jecere
924 1611 1059 1696 sagittas.

244 1728 458 1805 Postremum,
483 1727 600 1789 cunctis
623 1740 760 1810 utroque
784 1749 823 1788 ex
844 1725 964 1805 agmine
990 1726 1062 1806 pilis
1139 1720 1144 1728 ’

241 1839 442 1920 Absumptis,
473 1857 585 1897 ntanus
608 1835 648 1898 ad
669 1857 852 1900 mucronem
872 1835 1006 1899 vertitur
1026 1833 1144 1911 omnis,

243 1946 424 2033 Fulmineos
445 1957 597 2027 promunt
619 1966 726 2024 enses,
758 1946 937 2026 clipeosque
958 1947 1143 2022 revolvunt,

245 2055 448 2119 Concurrunt
470 2055 549 2115 acies
571 2052 714 2128 demum,
735 2073 936 2134 pugnamque
958 2064 1146 2115 restaurant.

245 2165 430 2224 Pectoribus
451 2163 564 2241 partim
587 2173 778 2239 rumpuntur
799 2169 927 2239 pectora
949 2179 1119 2239 equorum,

244 2270 402 2333 Sternitur
423 2282 453 2330 et
479 2266 632 2352 quaedam
653 2289 726 2349 pars
748 2268 829 2331 duro
855 2269 991 2330 umbone
1013 2268 1166 2332 virorum.

241 2380 440 2443 Waltltarins
464 2390 567 2440 tamen
589 2380 622 2440 in
644 2377 747 2440 medio
770 2377 846 2439 lurit
866 2379 986 2458 agmine
1008 2380 1100 2457 belli,

89 2512 94 2527 ¹
165 2559 173 2583 Ι
243 2489 347 2556 Obvia
366 2510 510 2574 quaeque
532 2500 652 2550 metens
674 2490 785 2564 armis,
815 2509 851 2549 ac
873 2489 970 2550 limite
987 2509 1131 2570 pergens.

242 2601 336 2661 Hunc
357 2600 413 2660 ubi
434 2598 631 2679 conspiciunt
654 2600 761 2660 hostes
782 2609 883 2658 tantas
906 2596 980 2659 dare
1001 2610 1133 2677 strages,

242 2712 287 2771 Ac
311 2711 338 2771 si
355 2719 551 2790 praesentem
573 2707 754 2768 metuebant
779 2726 907 2766 cernere
929 2718 1080 2782 mortem,

138 2863 156 2878 .
244 2818 284 2880 Et
306 2837 525 2899 quemcunque
546 2818 651 2877 locutu
672 2836 725 2876 sen
750 2814 861 2877 dextra
883 2815 949 2875 sive
970 2814 1096 2875 sinistra

209 2907 211 2911 .
243 2926 441 2989 Waltharius
461 2936 598 3004 peteret,
630 2923 734 2987 cuncti
757 2942 834 2984 mox
855 2935 940 2999 terga
962 2921 1133 3001 dederunt,

243 3035 284 3094 Et
306 3035 404 3095 versis
426 3032 520 3093 scutis
540 3033 684 3113 laxisque
704 3035 852 3093 leruntur
873 3032 1016 3094 habenis.

243 3140 335 3200 Tunc
354 3140 473 3200 imitata
491 3136 602 3198 ducem
631 3159 706 3217 gens
727 3142 863 3202 maxima
887 3139 1122 3202 Pannoniarum

245 3247 377 3312 Saevior
397 3246 532 3326 insurgit
553 3244 740 3331 caedemque
763 3249 911 3312 audacior
934 3260 1043 3328 auget,

136 3364 199 3420 205
241 3357 357 3435 Dejicit
378 3358 552 3432 obstantes,
576 3358 731 3436 fugientes
752 3359 902 3439 proterit,
926 3376 1026 3438 usque

238 3468 327 3528 Dum
347 3477 473 3548 caperet
493 3467 622 3546 plenum
644 3467 721 3527 belli
744 3466 804 3527 sub
826 3476 911 3526 sorte
933 3464 1139 3544 triumphum.

239 3573 322 3635 Tum
344 3593 440 3653 snper
462 3573 579 3634 occisos
600 3573 664 3634 ruit
685 3585 716 3635 et
737 3571 927 3653 spoliaverat
947 3589 1073 3649 omnes,

207 3839 259 3888 183
278 3838 370 3904 ntique
388 3837 424 3889 H.
487 3839 539 3889 ast
564 3835 691 3889 horrenda
715 3835 850 3889 contundit
875 3834 907 3887 cl.
928 3847 994 3888 voce
1011 3833 1048 3887 H.
1112 3836 1163 3885 193

137 3927 269 3977 concurrit
283 3928 315 3981 Α.
353 3933 405 3980 196
419 3927 489 3979 betto
502 3927 644 3982 a.u.tt.t.
681 3926 1077 3980 deeutmmsiuesitrietrsm
1090 3924 1165 3975 ult.

136 4018 191 4066 203
209 4013 277 4066 hooc
297 4019 436 4072 mirataD.
464 4019 647 4084 ponticulorurn
668 4020 700 4074 D.
745 4021 799 4070 204
818 4015 883 4069 leltlt
901 4016 979 4069 etc.
997 4015 1063 4069 l).l.
1110 4019 1164 4064 205

137 4107 216 4158 ‹tetcit
235 4110 265 4159 Α.
279 4107 310 4159 Β.
324 4107 344 4162 1.
397 4114 451 4161 206
471 4111 539 4176 cupit
558 4118 584 4163 et
603 4115 633 4163 Α.
658 4112 742 4165 donee
765 4111 913 4178 perciperet
932 4108 963 4159 t).
