2640 4650
481 261 737 329 ECBASIS.
1054 267 1118 331 267

551 491 670 570 vulpes.
1084 573 1087 579 .

209 581 298 667 ‘Vult
326 599 472 664 dominus
497 618 602 662 secum
632 599 760 657 fratrem
783 592 821 654 de
845 595 988 674 pluribus
1014 621 1120 679 nnttm,

104 718 166 774 710
211 709 274 787 Qui
294 710 403 772 recitet
424 707 575 788 spalmus,
601 705 724 768 divinos
747 716 895 784 personet
918 729 1040 787 ymnos,

209 819 334 900 Organa
356 815 495 898 spalterii
518 827 640 894 repetat
660 809 873 873 modulamine
898 814 992 878 dulci.

206 925 365 1009 Impedior
385 923 521 985 lacrimis
548 941 757 1002 prorumpere
784 928 1065 988 nomen‘amantis.

207 1034 347 1094 Virtutes
370 1028 505 1112 pardum
527 1032 716 1091 comitantur
738 1031 875 1090 amiciter
897 1033 1009 1094 istum:

207 1142 281 1204 Non
305 1154 349 1202 est
372 1147 537 1219 perjtnus,
559 1158 664 1217 neque
685 1135 830 1196 sordidus
854 1160 889 1197 ac
910 1140 1060 1219 furiosus,

105 1245 1030 1323 memmmmmmmwmmw

214 1354 354 1416 Consilio
380 1365 506 1428 cautus,
530 1350 730 1428 moderatus,
754 1352 839 1430 pacis
861 1351 987 1429 amicus,

210 1457 1125 1544 NmsswfflwmmnmfflmQQQOEQQMMm3

214 1568 248 1630 st
272 1570 354 1632 foret
376 1567 414 1630 ad
436 1587 603 1651 praesens,
628 1568 713 1628 solus
734 1568 938 1648 praecelleret
957 1572 1084 1632 omnes!

519 1675 698 1757 leopardus.

209 1784 290 1846 ‘Fiat
307 1785 386 1847 velle
410 1796 515 1858 tuum,
538 1787 673 1865 simplex
693 1781 854 1846 dumtaxat
877 1797 907 1847 et
929 1808 1039 1863 unum,

17 1917 20 1921 ⁴
108 1901 169 1954 720
213 1893 259 1956 Sit
283 1895 381 1956 lixum
405 1892 490 1976 quod
512 1894 576 1971 vis,
598 1893 637 1954 sit
660 1892 756 1954 vivax
778 1895 875 1971 gratia
898 1896 1001 1957 nobis.

212 2003 298 2062 Dum
319 2003 414 2082 lupus
436 2003 568 2063 infestus
590 2003 717 2082 pecori,
738 2007 925 2067 venantibus
948 2009 1026 2086 apri,

213 2107 338 2185 Frigida
362 2107 434 2167 dum
459 2123 601 2189 pugnant
621 2109 743 2186 calidis,
768 2111 929 2172 humentia
951 2114 1049 2191 siccis,

212 2215 297 2275 Dum
319 2236 401 2278 nova
423 2216 590 2278 crescendo
612 2218 773 2297 reparabit
795 2239 915 2280 cornua
936 2221 1074 2302 Phoebe,

214 2323 262 2385 Sit
283 2325 374 2387 nobis
397 2324 531 2397 solidum
555 2323 702 2387 concordi
724 2325 852 2388 foedere
872 2332 1017 2409 paetum?

110 2437 169 2492 725
214 2431 265 2496 Sic
286 2435 345 2513 ait,
375 2449 405 2497 et
425 2434 536 2497 mediis
557 2434 714 2497 interserit
735 2437 842 2497 oscula
864 2438 970 2501 labris.

552 2544 733 2625 mma

221 2648 372 2726 ‘Quantus
395 2672 485 2714 amor
508 2652 601 2729 coeli,
624 2662 709 2712 tanta
732 2661 777 2712 est
799 2648 923 2711 dilectio
943 2650 1061 2711 nostri!

439 2734 443 2743 ‚
529 2755 708 2838 leopardus.

211 2865 361 2942 ‘Inspice,
391 2865 519 2926 sibene
541 2867 596 2943 sit,
619 2864 705 2948 quod
726 2866 812 2945 regia
835 2866 930 2939 curia,
944 2869 1064 2948 poscit?

212 2969 340 3050 Egregie
362 2971 477 3034 sactum
500 2973 608 3036 laudat
627 2976 793 3058 vulpecula
814 2987 926 3039 totum.
1008 3051 1009 3055 Ἰ

506 3085 616 3163 vulpes
639 3084 734 3144 leoni.

215 3186 313 3249 ‘Hora
337 3200 383 3250 est
404 3189 569 3270 surgendi,
598 3203 751 3277 tuasunt
774 3190 865 3273 quasi
892 3191 976 3272 regia
999 3191 1129 3259 croesi!

589 3300 651 3364 leo.

107 3404 169 3458 730
213 3399 272 3461 ‘Ad
294 3423 432 3488 mensam
455 3403 557 3484 vado,
578 3407 731 3489 perfortia
754 3408 826 3471 vina
850 3411 991 3492 requiro,

211 3503 433 3591 Quinquennis
459 3514 527 3576 vini
548 3516 615 3578 sitis
641 3530 688 3579 est
710 3518 785 3580 citra
807 3539 892 3580 mare
918 3522 1002 3583 nati!

555 3627 675 3708 ww

213 3721 295 3783 ‘Non
317 3725 399 3787 valet
420 3726 453 3789 id
474 3728 560 3807 fieri,
583 3755 717 3815 quaeras
740 3734 825 3817 quod
848 3737 947 3816 possit
968 3738 1089 3800 baberi.

213 3829 261 3889 Ad
283 3843 312 3892 te
336 3853 405 3893 cum
428 3832 524 3912 redii,
547 3842 733 3906 trevirensis
758 3844 833 3904 vina
858 3847 1002 3924 probavi,

109 3994 186 4000 -----
190 3995 358 4009 ἡ

166 4064 235 4137 Ἰ732
255 4088 338 4153 possis
359 4092 396 4156 Α,
415 4093 479 4149 oder
497 4097 563 4152 dem
578 4097 699 4153 'heberet
754 4104 805 4153 tos
824 4100 971 4155 trevirentin
990 4109 1020 4157 A.
