2640 4650
433 312 663 385 UNIBOS.

265 546 300 609 Si
320 566 520 610 nummorum
541 551 707 614 latibulum

272 658 395 735 Vultis,
416 660 557 720 'conlerte
580 664 725 742 pretium,

147 772 219 827 136.
263 763 325 828 Sed
349 781 382 828 ut
409 767 475 828 sitis
498 769 645 848 benivoli,

265 873 414 937 Conferte
434 877 532 939 libras
561 877 750 960 quindecim.

264 985 375 1052 Plures
397 986 430 1046 in
453 986 543 1050 brevi
563 999 704 1068 tempore
907 971 930 1001 ⁴

264 1091 378 1155 Libras
398 1092 508 1156 reddet
529 1115 588 1174 pro
609 1099 765 1159 stercore.’

145 1207 217 1286 137.
259 1203 339 1264 Tres
361 1203 408 1262 illi
436 1203 532 1264 libras
554 1203 733 1286 quindecim

264 1308 308 1372 Ut
330 1311 518 1390 persolvunt
540 1311 682 1387 uuibovi,

265 1418 388 1500 Equam
416 1418 535 1481 discunt
564 1420 710 1500 ligamine

264 1526 483 1591 Custodientea
512 1529 636 1609 cupide.

90 1658 94 1664 ·
144 1640 216 1695 138.
259 1634 406 1698 Festinus
428 1638 531 1720 inquit
554 1642 724 1721 presbiter:

264 1745 388 1806 ‘Audite
410 1768 478 1824 me,
501 1748 581 1808 sicut
612 1747 708 1825 decet,

264 1853 444 1914 lomentum
467 1856 539 1915 volo
563 1851 678 1915 (lucere

265 1957 313 2018 Ad
336 1961 494 2020 stabulum
517 1959 630 2020 <lomus
652 1981 750 2022 meae.

213 2112 219 2128 .
264 2061 347 2138 Quia
371 2065 491 2146 primus
524 2067 661 2145 ecclesia,

266 2172 344 2234 Sum
368 2175 487 2254 primus
512 2173 544 2233 in
568 2172 717 2253 custodia,

265 2281 416 2345 Diluculo
446 2284 625 2363 recolligam
694 2321 696 2325 Α

266 2388 369 2464 Quam
391 2389 522 2453 donavi·
536 2390 713 2471 pecuniam.
781 2450 783 2454 ,

211 2545 219 2562 .
263 2498 309 2561 Sit
332 2499 434 2579 prima
456 2519 521 2560 nox
546 2499 724 2579 presbiteri,

265 2606 411 2669 Secunda
433 2607 472 2667 sit
495 2606 677 2684 praepositi,

262 2712 394 2788 Majoris
417 2730 484 2769 nox
506 2711 544 2770 ait
566 2709 657 2770 tertia

265 2818 331 2880 Sub
363 2818 525 2898 aequitatis
548 2819 686 2878 trutina!

207 2970 217 2986 .
263 2924 364 3000 ‘Fine‘
383 2921 462 2982 dixit
483 2923 693 3004 praepositus,

267 3031 345 3108 ‘sic’
367 3029 440 3091 dicit
462 3037 561 3109 major
583 3031 703 3106 tertius,

265 3137 360 3199 ‘Haec
384 3151 429 3198 est
451 3149 559 3197 nostra
581 3135 758 3215 concordia,

267 3245 333 3307 Sub
355 3245 422 3306 miti
457 3244 627 3324 patientia.'

147 3359 223 3420 142:
261 3357 383 3439 Equam
417 3369 566 3437 procurat
589 3357 744 3438 presbiter

266 3467 355 3526 Dans
376 3465 531 3527 hordeum
553 3464 703 3539 celeriter,

267 3575 329 3634 Per
352 3587 521 3635 nocturnas
549 3574 669 3651 vigiliae

265 3681 374 3760 Equae
395 3682 526 3757 praebet
550 3682 716 3739 auriculae.

144 3787 216 3847 143.
258 3785 354 3846 Facto
378 3797 481 3844 tamen
506 3784 644 3844 diluculo

261 3888 413 3953 Sacerdos
436 3913 453 3950 a
474 3891 638 3970 praesepio

269 3982 487 4062 Communem*
500 4000 595 4059 trahit
614 3998 755 4075 beatiam,

263 4106 307 4168 Ut
331 4105 467 4184 deponat
488 4108 664 4186 pecuniam.

733 4207 740 4213 ’
782 4215 848 4274 24*
