2640 4650
146 391 150 395 ,
214 337 217 345 s
282 274 634 373 ‘'nuounrun
679 284 870 392 augutu.
1007 280 1009 286 ’
1058 300 1118 373 177

174 540 260 605 Nam
285 538 392 603 flendo
414 542 517 607 visum
538 555 612 623 post
632 553 663 604 tc
680 545 743 620 jam
765 539 904 624 perdidit
931 544 1045 624 ipsum.

94 659 135 718 to
176 654 483 729 Illa‘meamssnatam
508 650 547 712 de
569 653 657 714 fonte
678 655 839 716 levaverat
858 653 961 730 istam,
1010 703 1012 709 ,

179 764 220 826 Et
241 783 302 844 pro
325 763 459 824 natabus
472 761 620 843 ¹propriis
642 781 701 822 nos
723 774 794 842 post
812 763 908 825 habet
929 763 1071 844 amb[as,]

64 884 69 891 '
152 902 156 914 =
176 871 341 954 Saepeque
362 891 422 933 nos
443 871 518 935 visit
538 871 589 933 vel
623 869 714 931 nobis
736 882 810 930 tunc
832 871 951 953 aliquid
971 873 1075 942 fert!-

178 979 274 1048 Audit
291 992 332 1042 ·ut
352 980 414 1042 hoc
437 978 548 1055 miles,
582 979 674 1038 matri
696 996 875 1057 compassus
899 979 941 1039 ait
959 979 1055 1041 flens:

154 1090 236 1168 ‚‘An
257 1111 342 1174 queo
365 1088 540 1167 septimana
567 1084 712 1148 revenire
735 1084 862 1148 domum
884 1087 936 1150 vel
957 1087 991 1147 in
1013 1083 1113 1149 ista?.'

94 1205 133 1264 15
178 1197 294 1275 ‘Cras‚‘
315 1196 368 1274 ait,
391 1195 440 1258 ‘ad
465 1217 567 1257 soram
588 1210 720 1259 matrem
743 1196 814 1279 quis
837 1217 964 1259 cernere
983 1199 1112 1275 karam

160 1304 241 1369 ‘Sed
264 1316 382 1388 panem'
398 1305 486 1367 missi
506 1326 604 1385 penes
628 1306 709 1365 hanc
731 1306 805 1366 volo
827 1302 929 1383 prima
950 1304 1084 1367 mereri.'

103 1472 105 1485 .
174 1417 231 1480 Est
254 1415 447 1495 divulgatum
471 1414 648 1476 commatris
671 1435 743 1476 eum
767 1414 977 1492 funeratum,
1009 1467 1012 1473 .

175 1529 263 1590 Inter
283 1525 439 1606 mancipia
458 1522 497 1588 fit,
510 1523 628 1584 laetitia
650 1523 711 1584 cito
732 1516 862 1604 'magna3
922 1553 924 1555 ·

175 1613 383 1718 congaudent
401 1634 494 1697 matri
514 1633 618 1695 reditu
640 1654 700 1714 pro
726 1634 842 1715 sospite
865 1620 964 1697 nati.¹
1033 1670 1045 1683 ›

36 1765 39 1770 ’
91 1757 133 1810 20
176 1746 266 1809 Tunc
284 1747 361 1808 hera
380 1739 496 1804 direxit
519 1742 665 1819 missum,
694 1765 788 1825 quem
813 1740 915 1803 dicere
937 1740 1025 1821 jussit

157 1854 349 1942 ‘commatri
366 1855 474 1915 n'atum
495 1865 660 1933 praesente
681 1852 731 1914 die
751 1851 938 1916 rediturum.

175 2080 300 2140 Interea
314 2079 436 2154 iuvenis
457 2078 574 2161 pariter
594 2077 709 2140 ludunt
730 2090 761 2139 et
790 2078 908 2141 herilis.

179 2190 274 2250 Hunc
296 2207 333 2247 ea
354 2199 403 2248 ter
423 2189 514 2258 vicit,
542 2189 624 2248 hanc
643 2187 670 2248 is
690 2187 805 2251 totiens
827 2186 997 2271 superavit,

179 2278 371 2356 Alterutritn
385 2292 459 2354 victi
479 2291 650 2372 gaudentes
675 2293 778 2356 omine
798 2297 892 2378 pacti,

94 2409 136 2466 25
178 2404 317 2484 Virginis
337 2405 363 2465 is
386 2400 470 2486 quod
493 2413 569 2480 erat,
591 2402 714 2479 juvenis
737 2401 822 2484 quod
843 2406 933 2488 virgo
955 2411 1108 2485 manebat,

179 2515 254 2578 Non
281 2535 315 2578 sc
338 2513 465 2591 vicisse,
496 2513 550 2576 sed
573 2512 671 2575 victos
695 2516 918 2578 succubuisse*

178 2626 264 2688 Haec
283 2645 369 2703 suus,
398 2623 452 2686 ille
473 2645 530 2686 sua
551 2608 859 2688 vocitabanturuice
880 2601 981 2700 versa,

174 2736 300 2799 Mutato
323 2756 401 2799 sexu
421 2733 599 2821 soloecismi
620 2734 775 2794 schemate
790 2733 907 2826 factos
982 2765 984 2769 ⁷

172 2846 239 2910 Nec
260 2851 321 2924 jum
344 2846 484 2908 celarunt
506 2865 539 2906 se
559 2844 636 2925 quin
662 2841 811 2904 ardenter
830 2855 979 2919 amarent,

92 2959 133 3014 30
178 2955 285 3015 Mater
303 2954 329 3013 si
349 2954 485 3031 sineret,
513 2953 565 3016 vel
586 2953 618 3012 in
641 2954 709 3033 ipsa
731 2946 822 3014 nocte
844 2953 975 3014 coirent.

175 3063 232 3123 Illa
252 3074 355 3123 tamen
376 3064 509 3140 sineret,
534 3063 594 3124 sibi
611 3063 643 3123 si
664 3082 729 3123 non
755 3059 888 3123 dedecus
899 3073 995 3141 desset.

176 3168 220 3230 Ut
238 3173 444 3250 praestoletur
465 3182 540 3233 tunc
565 3173 653 3250 virgo
676 3169 731 3231 vix
751 3181 928 3250 superatur.

176 3318 560 3343 ........
567 3359 569 3366 y
603 3281 653 3340 lus
675 3300 740 3342 non
762 3277 963 3341 dominetur.
1111 3299 1223 3385 suppo.

174 3430 560 3450 ........
604 3385 680 3471 qua]
708 3389 782 3452 velit
812 3388 858 3448 ire
880 3387 1001 3473 sinatur

90 3499 130 3557 35
177 3538 185 3556 .
220 3504 240 3557 '.
285 3539 293 3557 .
340 3539 348 3557 .
390 3542 398 3557 .
443 3495 571 3559 domino
593 3497 801 3578 dominaeque
821 3485 974 3576 placebat*

176 3645 555 3666 ........
599 3627 654 3667 um
677 3600 996 3667 domini‘faciendum

172 3752 551 3774 ........
594 3736 608 3775 s
629 3714 767 3776 resident
789 3687 909 3794 quillus.
924 3709 971 3769 illi

103 3834 109 3848 ⁸
175 3858 182 3874 ·
226 3863 234 3878 ·
384 3816 393 3882 ’.
438 3863 447 3880 .
490 3862 499 3881 .
542 3863 551 3880 .
598 3822 641 3900 m]
672 3824 735 3882 ulta
757 3815 874 3881 viando
894 3819 1070 3899 loquentes.

174 3964 183 3980 ·
224 3965 232 3982 ·
276 3967 286 3983 ·
327 3971 335 3986 .
377 3927 675 4007 famulJosvideta
698 3943 796 3990 matre
830 3928 958 3990 missos.

90 4032 150 4127 4οῚ
175 4068 554 4102 ········
598 4041 746 4102 omnibus
769 4039 876 4100 oscula
897 4037 1027 4117 praebet

173 4176 182 4195 ο
227 4177 236 4196 ·
279 4179 287 4196 ·
335 4158 355 4196 ·'
387 4182 609 4208 .....
651 4146 758 4230 matris
784 4139 947 4207 atrorem

839 4261 883 4316 Ὠ
