2640 4650
497 292 875 362 wlnrfltttttts

276 532 320 591 Ac
345 528 441 591 veluti
461 527 591 587 coluber
612 527 712 604 girum
736 528 881 586 collectus
903 527 933 585 iu
963 547 1084 601 unctus,-

274 640 351 699 Tela
373 649 419 698 tot
440 635 551 709 evitas,
582 637 683 694 tenuis
708 635 775 694 sine
796 636 936 695 vulneris
959 630 1047 693 ictu?

245 737 1044 828 ,Amoevfflmmmhfflsfflwmmempmff

172 864 232 919 795
275 851 439 935 Numquid
462 864 494 914 et
513 850 589 926 iste,
615 862 724 930 putas,
753 862 820 910 astu
841 850 993 912 vitabitur
1014 850 1108 922 ictus,

276 960 375 1036 Quem
399 960 529 1039 propius
550 957 658 1018 stantis
681 969 766 1018 certo
788 957 954 1018 libramine
976 957 1069 1020 mittit

273 1069 394 1129 Dextra
404 1062 532 1127 manus?
547 1067 648 1147 neque
659 1066 740 1126 enim
751 1066 777 1127 ie
785 1069 920 1127 telorum
927 1067 1065 1129 vulneris
1073 1075 1190 1137 auctor,

274 1175 358 1236 Audi
381 1174 563 1249 consilium,
589 1195 729 1253 parmam
754 1173 903 1254 deponito
924 1175 1055 1254 pictam:

273 1260 363 1344 Hanc
379 1305 446 1345 mea
462 1303 529 1344 sora
546 1282 682 1362 quaerit,
703 1283 784 1361 regis
797 1304 923 1366 quoque
937 1285 1063 1364 sponsio
1079 1282 1189 1362 patrol,

171 1386 232 1453 800
274 1393 358 1456 Nolo
379 1392 503 1474 quidem
526 1390 647 1467 laedas,
676 1392 772 1452 oculis
793 1393 880 1473 quod
903 1394 1072 1473 complacet
1093 1391 1169 1451 istis.

184 1571 186 1575 Ι
275 1499 329 1560 Sin
354 1503 444 1576 alias,
474 1500 544 1560 licet
567 1512 598 1559 et
619 1502 720 1560 lucem
743 1501 820 1561 mihi
842 1501 1013 1582 dempseris
1032 1501 1157 1574 almam,

274 1606 391 1666 Assunt
412 1605 462 1664 hic
483 1605 589 1684 plures
610 1605 687 1665 socii
709 1608 873 1689 carnisque
895 1606 1083 1687 propinqui,

274 1712 352 1789 Qui,
375 1713 517 1796 quamvis
535 1715 695 1777 volucrem
714 1715 828 1776 similes
843 1735 1025 1797 pennasque
1038 1735 1189 1794 capessas,

274 1805 1193 1906 Rmmummmmmmmmmfflmmmmff‘

169 1936 230 1992 805
274 1929 409 2007 Belliger
432 1940 463 1990 at
484 1943 594 1991 contra
614 1930 659 1991 nil
672 1932 805 1995 ‘territus
827 1932 931 1993 intulit
951 1930 1010 1992 ista

272 2039 340 2098 ‘De
360 2039 490 2121 reliquis
511 2052 615 2116 taceo,
644 2042 777 2123 clipeum
802 2040 971 2105 defendere
989 2046 1081 2104 curo.

275 2149 337 2211 Pro
362 2149 492 2224 meritis,
522 2141 730 2230 mihicrede,
759 2154 850 2216 bonis
872 2173 941 2214 sum
964 2149 1087 2213 debitor
1108 2151 1162 2212 illi:

270 2257 421 2319 Hostibus
442 2258 500 2320 iste
523 2263 598 2322 meis
620 2283 652 2326 se
675 2264 836 2343 obponere
858 2281 949 2341 saepe
969 2260 1106 2334 solebat,

273 2366 312 2428 Et
335 2389 394 2448 pro
416 2369 606 2433 vulneribus
623 2373 758 2452 suscepit
781 2374 911 2435 vulnera
934 2369 1079 2432 nostris·

170 2483 231 2540 810
274 2474 376 2552 Quam
398 2479 437 2540 sit
460 2494 634 2561 oportunus
657 2480 751 2543 ltodie
772 2481 849 2542 miti
874 2483 991 2558 cernis,
1018 2479 1134 2560 etipse

272 2587 346 2651 Non
368 2609 437 2652 cum
457 2591 637 2653 Walthario
659 2591 849 2672 loquereris,
879 2577 984 2653 forsan
1007 2589 1147 2652 abesset!

269 2699 415 2762 ‘Viribus
437 2720 456 2762 o
479 2702 607 2763 summis
627 2701 748 2761 hostem
771 2698 927 2779 depellere
949 2722 1057 2777 cures,

271 2808 412 2869 Dextera
435 2831 473 2870 ne
495 2809 598 2891 rapiat
618 2808 676 2870 tibi
696 2814 933 2890 propugnacula
953 2811 1075 2872 murts·

274 2917 340 2977 ‘Tu
364 2920 485 2980 clavum
509 2919 655 2982 umbonis
678 2916 801 2980 strideas
823 2924 958 2983 retinere
977 2917 1114 2990 sinistra,

107 3078 110 3087 .
168 3027 228 3083 815
273 3025 373 3106 Atque
397 3027 485 3093 ebori
508 3025 618 3105 digitos
642 3026 807 3089 circumfer
828 3028 943 3108 glutine
964 3004 1065 3082 fixos?

272 3135 328 3195 llle
353 3133 466 3196 debinc
490 3135 621 3199 ‘invitus
642 3157 728 3214 ages,
760 3138 786 3200 ai
803 3136 917 3218 ‘sponte
938 3149 1073 3192 recusas.

271 3241 343 3300 lstic
366 3239 505 3321 deponas
527 3242 667 3325 pondus,
696 3245 781 3328 quod
802 3253 887 3306 tanta
909 3239 1032 3300 viarum

246 3385 249 3391 -
274 3349 409 3409 Portasti
430 3353 529 3433 spatia
549 3373 590 3415 ,ex
612 3354 750 3416 Avarum
775 3372 844 3414 nam
867 3344 996 3428 sedibue
1013 3343 1092 3403 altis,

252 3452 336 3515 ·Nec
352 3460 453 3519 solum
471 3481 627 3541 parmam,
646 3464 701 3525 sed
716 3478 830 3544 equum
846 3473 915 3515 cum
930 3450 1050 3528 virgine
1062 3460 1098 3508 etx
1106 3467 1185 3508 auro

167 3568 229 3621 820
271 3563 410 3645 Reddes,
434 3584 499 3630 tum
518 3568 648 3636 'demum
670 3576 818 3637 scelerum
840 3559 1028 3622 cruciamina
1048 3555 1185 3638 pendes?

234 3765 535 3822 centensimo.
598 3776 652 3825 797
674 3781 723 3823 nec
746 3762 777 3815 C,
840 3763 893 3812 797
919 3759 964 3810 teli
988 3773 1034 3809 seu
1060 3759 1089 3808 Α.
1107 3756 1137 3806 Β.
1154 3755 1185 3819 C,

168 3851 277 3903 telorum
298 3863 413 3907 vermnte
435 3855 484 3910 leb.
539 3866 592 3913 799
616 3860 720 3929 sponsio
739 3859 853 3920 praestat
870 3852 903 3905 B.
957 3851 1135 3902 803simulea
1154 3849 1184 3901 C.

165 3944 219 3991 ⁸⁰⁸
240 3942 340 4007 llaec.
385 3950 437 3998 813
458 3949 643 4017 propugnaculi
662 3946 693 3997 Β.
737 3949 790 3996 814
809 3946 901 3996 elisum
916 3941 990 3996 (LE.
1010 3943 1139 3994 sinistrum
1153 3941 1184 3995 0.

165 4036 218 4084 816
243 4034 311 4087 atebt
335 4036 361 4089 in
387 4039 453 4090 allen
479 4040 531 4093 ltss.
549 4045 601 4092 erat
623 4034 687 4086 oaclr
713 4039 859 4089 817.818.’
912 4038 965 4084 816
986 4034 1043 4098 agis
1066 4031 1183 4085 ll.B.G.

166 4127 218 4175 817
237 4139 269 4176 ne
289 4142 369 4192 ponae
387 4128 418 4182 Β.
446 4132 514 4196 quod
534 4132 602 4181 nata
622 4125 721 4192 pondus
741 4130 770 4179 Α.
826 4129 879 4174 820
898 4124 1051 4175 cruciamine
1070 4122 1101 4172 G·
