2640 4650
167 260 230 327 us
404 256 709 376 auoontno
751 256 971 347 stagnus:-

168 500 232 558 210
273 493 341 557 Nec
354 493 427 556 volo
441 492 646 573 praesulibus,
661 490 803 566 ducibus,
817 491 896 575 quid
909 494 1127 575 praesidibus
1143 500 1207 567 des.

274 597 369 674 Quod
394 599 567 662 coenobitis
588 598 675 661 dabis
696 612 750 663 nut
771 597 939 661 abbatibus
960 602 1048 684 istis,

272 709 347 773 Non
370 720 478 772 contra
500 707 586 783 dico,
608 709 683 790 quia
704 707 848 770 redditur
873 707 904 771 id
928 710 991 773 tibi
1012 734 1120 779 vero:

273 819 317 881 Hi
340 830 415 881 sunt
435 816 553 879 assidui
574 818 760 879 famulantes
782 817 1006 899 omnipotenti,

276 926 377 993 Orant
400 941 428 989 et
449 947 509 1007 pro
530 937 561 987 te
582 926 720 988 studiose
743 940 832 989 nocte
857 924 984 1010 dieque,

168 1045 230 1102 215
274 1038 315 1100 Et
336 1035 423 1125 quod
447 1036 502 1098 das
523 1036 602 1110 illis,
622 1037 725 1117 periet
746 1037 803 1097 tibi
822 1035 938 1116 gaudia
962 1038 1062 1102 lucis.

275 1150 364 1211 lutet·
378 1159 545 1211 summates
563 1147 639 1209 nolo
661 1149 732 1227 plus
755 1149 894 1209 muneris
912 1161 949 1210 ut
973 1147 1058 1211 des.’
1081 1154 1084 1159 '

275 1244 379 1322 Gratis
402 1280 442 1318 au
464 1259 581 1320 oblitus
603 1257 746 1321 reticeret
768 1256 793 1318 is
816 1255 973 1331 officiales,

273 1368 316 1430 Hi
338 1370 418 1429 bene
441 1366 617 1443 donantur,
641 1368 784 1429 secretim
802 1368 866 1429 sive
889 1369 1041 1453 boantum

272 1484 341 1545 Hoc
364 1504 460 1566 super
480 1474 613 1543 edictum
636 1502 699 1544 non
719 1501 813 1544 ausus
836 1491 883 1544 est
903 1476 979 1544 dare
998 1482 1166 1568 cuiquem

169 1599 233 1657 220
274 1590 402 1653 Grande
422 1592 470 1655 vel
484 1591 642 1671 exiguum,
662 1612 720 1652 nec
745 1588 989 1672 desiderat'quis'
1010 1610 1149 1657 eorum.
1162 1627 1203 1643 -

276 1701 375 1780 Reges
397 1700 478 1761 inter
501 1720 533 1759 se
555 1699 684 1782 quaudo
707 1699 815 1761 dixero
840 1701 950 1775 valete,
1122 1680 1131 1691 ¹

229 1804 237 1811 ”
275 1808 391 1875 Oscula
412 1806 517 1873 dando
537 1810 597 1872 sibi
618 1811 718 1890 placet
738 1811 787 1872 his
809 1804 974 1890 pattiaudo
993 1812 1135 1875 ravani.

53 1928 168 1983 futtuo.
274 1919 418 2004 Cumque
439 1919 567 1983 domum
588 1919 722 1982 redeunt
730 1968 741 1997 ,
762 1920 840 1998 juris
859 1919 1047 2003 propriique
1061 1922 1200 2005 fiebant,

274 2030 408 2095 thlteb
430 2031 559 2095 dilectae
581 2031 688 2092 matris
718 2049 849 2093 cerneus
869 2028 999 2112 inopius

168 2146 231 2207 225
275 2141 412 2205 Adesse
434 2143 562 2205 missum
585 2138 741 2223 quendam
761 2141 843 2203 bene
863 2140 992 2222 suscipit
1019 2141 1129 2207 ilium.

273 2249 322 2313 Ad
347 2272 440 2334 quem
467 2251 510 2313 sic
531 2249 629 2315 dixit:
661 2250 740 2312 ‘meo
770 2259 870 2313 mater
896 2268 1020 2331 sospes,
1044 2250 1088 2328 ai,
1111 2248 1198 2318 sttt’

275 2358 467 2439 Respondit:
488 2359 576 2422 ‘vivit
583 2403 593 2433 ,
615 2361 698 2421 valet
719 2371 750 2421 et
770 2360 869 2436 bene,
889 2362 940 2424 vel
961 2358 1020 2422 tibi
1044 2360 1136 2427 misit

274 2469 352 2530 Istos
373 2468 540 2545 litterulas,
562 2468 672 2531 melius
694 2471 809 2552 quibus
833 2492 868 2533 oc
888 2468 966 2531 mihi
993 2466 1128 2536 caedue

276 2572 488 2661 Susceptnque
516 2575 583 2640 dice
608 2578 737 2641 sciolum
761 2579 834 2642 iacit
853 2580 935 2642 hanc
959 2578 1104 2643 recitare.

166 2692 230 2748 230
274 2683 375 2760 Quam
387 2705 482 2766 super
493 2696 526 2746 ut
537 2685 618 2764 legit,
629 2686 686 2749 ait:
701 2685 849 2749 ‘arbitror
859 2687 936 2748 baec
945 2687 1051 2750 brevis
1063 2686 1192 2773 inquito
1205 2664 1210 2669 Ι

271 2795 356 2875 Ergo
377 2793 425 2856 tui
449 2792 569 2856 domini
592 2794 695 2857 cuncti
715 2795 774 2857 tibi
795 2792 886 2859 valde
909 2793 1045 2875 benigni,

272 2902 316 2966 Ut
335 2896 462 2980 redeas,
485 2904 636 2985 petimus,
658 2925 729 2967 uam
753 2917 782 2966 te
802 2905 938 2967 carttiue
959 2902 1103 2969 dolemus

272 3010 483 3093 Temporibus
504 3015 616 3091 tantis,
635 3024 767 3096 proptor
791 3031 871 3096 quos
901 3012 1070 3090 (ηιίἰίειῑίο,τ
1132 3002 1147 3015 “

272 3120 313 3186 Et
333 3120 433 3185 scidas
453 3123 486 3185 io
509 3136 539 3184 te
564 3143 625 3186 nou
647 3123 788 3185 cessabas
809 3124 977 3199 cumulare,

167 3236 229 3291 235
274 3232 385 3295 Donec
407 3255 424 3293 e
446 3234 546 3313 patria
569 3230 689 3310 fugiens
710 3231 790 3312 petis
811 3243 920 3294 extera
941 3244 1065 3312 rogum·

272 3334 393 3398 Scimus
419 3338 474 3398 ubi
494 3338 608 3400 multos
629 3350 659 3400 te
682 3340 864 3403 sustinuisse
889 3341 1025 3421 laborcq

274 3439 368 3517 Quod
386 3444 597 3506 latitentamur
617 3465 690 3523 nos,
708 3445 970 3530 quandocumque
988 3464 1157 3526 gregantur
1234 3476 1238 3489 ν

271 3549 320 3612 Ad
345 3552 491 3633 placitum
514 3557 565 3616 vel
586 3553 625 3616 ad
646 3553 788 3617 inducias
810 3552 998 3640 quocunque
1020 3564 1165 3619 statutus.

272 3659 363 3723 Tunc
383 3660 417 3723 in
441 3662 572 3726 consilio
593 3662 697 3726 dando
717 3686 777 3746 par
798 3665 924 3731 esttibi
946 3666 1050 3740 namu,
1118 3676 1148 3737 j
1181 3672 1184 3677 '

166 3770 230 3831 240
274 3765 337 3845 Qui
354 3771 404 3834 vel
418 3782 480 3833 tam
501 3777 581 3850 juste
600 3777 650 3852 jus
670 3771 750 3835 dicat
770 3786 833 3836 tam
854 3776 906 3839 vel
926 3774 1068 3849 honeste,

271 3879 310 3943 Et
331 3881 387 3962 qui
410 3880 454 3941 sic
473 3879 584 3945 viduos
608 3881 753 3945 defendat
777 3881 843 3947 sive
865 3883 1013 3964 pupillos,

271 3990 405 4072 Propter
426 3988 586 4053 avaritiam
608 4011 678 4052 cum
701 3988 933 4055 damnabantur
952 3991 1104 4075 iniquum,
1195 4058 1200 4071 ι
1256 4030 1268 4041 -

275 4094 339 4173 Qui
349 4101 560 4162 lamentantur
572 4099 712 4176 nimium,
731 4098 970 4187 [cuquunudo
982 4098 1180 4184 premuntur.
