2640 4650
279 274 589 363 'RUODLIEB
638 275 752 361 fragm.
774 272 959 342 XILXIH.
1075 275 1136 364 183

118 519 158 573 10
202 511 305 573 Moles
325 508 556 590 multigenaep
596 550 865 570 ......

200 622 336 682 Tantum
357 632 421 680 tres
448 615 561 678 desunt
592 664 602 679 .
805 657 814 676 .
857 659 867 680 .

202 728 296 791 Mile's
318 727 360 788 ait
382 746 466 788 nunc
491 724 606 804 piscari
651 766 926 786 ......

203 840 339 902 Pulvere
379 834 543 914 buglossaa
579 854 601 914 q
654 879 661 894 .
707 877 715 894 .
759 875 767 892 .
801 872 821 912 Α.
865 874 873 892 .
916 876 925 893 .

202 945 313 1007 Estin
339 963 421 1026 aqua
446 943 557 1024 cymba
600 985 608 1002 .
656 985 664 1002 .
707 984 726 1012 .,
762 986 770 1001 .
813 987 820 1002 .
867 987 874 1002 .
918 984 926 1001 .

170 1056 376 1119 desumunt
401 1049 520 1128 uirgam
574 1093 581 1111 .
626 1094 634 1137 ·,
679 1094 687 1111 .
731 1093 740 1112 .
786 1046 804 1111 .’
838 1095 846 1111 .
890 1094 898 1109 .
944 1089 952 1108 .

201 1162 311 1223 Donec
334 1169 489 1223 venerunt
511 1156 596 1237 pisce
641 1195 910 1219 ......

203 1265 288 1344 Quas
308 1266 366 1352 qui
401 1268 566 1345 gustabant
608 1306 930 1329 .......

584 1573 678 1642 ΧΙΠ.

202 1717 290 1797 Quos
311 1720 400 1785 miles
431 1721 519 1802 virga
541 1728 720 1804 perterrens
741 1696 821 1798 cogit
843 1715 882 1780 ad
896 1739 989 1784 arva.
1136 1736 1181 1795 101,
1191 1744 1250 1793 292,

202 1831 339 1895 Miratur
361 1830 488 1894 domina
511 1828 809 1912 domicellarumque
834 1822 969 1905 caterva,

205 1940 461 2022 Contribulisque
483 1958 559 2002 suus
581 1951 655 2002 ovat
680 1941 712 1999 in
734 1938 903 2002 virtutibus
925 1941 1002 2014 ejus.

203 2049 254 2109 Fit
277 2048 393 2107 nimius
414 2049 516 2122 risus,
538 2060 693 2108 -manuum
716 2048 883 2126 plaususve
906 2045 1083 2123 cachinnus,
1158 2075 1163 2083 ‘

204 2157 444 2233 decurruntque
468 2155 549 2230 coci,
570 2154 695 2231 tollunt,
716 2165 948 2234 properantque
971 2175 1093 2232 parare.
1152 2129 1161 2136 .

205 2263 356 2343 Egressus
378 2244 472 2323 lintre
498 2274 608 2324 cuncto
628 2263 749 2343 populo
774 2261 940 2323 comitante

204 2371 255 2434 Ad
279 2370 437 2434 dominam
459 2369 607 2452 repedat,
629 2393 666 2432 ea
687 2392 781 2455 quem
803 2370 884 2432 bsne
918 2371 1115 2452 stracipiebat.
1186 2390 1194 2395 ·

205 2466 356 2546 ‘Piscator
376 2482 446 2543 talis
467 2493 514 2543 ast
532 2501 708 2564 nusquam,
730 2501 788 2546 vos
808 2482 895 2544 velut
916 2481 1008 2544 estis!

205 2593 297 2655 Tunc
318 2594 406 2670 jubet
429 2592 546 2674 exponi
566 2591 667 2674 pisces
692 2593 726 2654 in
747 2593 886 2672 gramine
909 2593 1005 2669 molti,

123 2709 164 2764 10
206 2700 251 2766 Ut
272 2700 413 2767 diversos
437 2714 533 2786 quot,
554 2701 675 2776 videat,
695 2703 780 2764 lacus
804 2703 831 2764 is
853 2714 1024 2787 generaret.

205 2814 298 2892 Tunc
320 2822 394 2875 sunt
414 2809 550 2892 expositi
570 2824 726 2893 quotquot
747 2812 871 2873 fuerant
898 2813 944 2872 ibi
965 2815 1063 2893 capti:

202 2922 322 2983 Lucius
339 2932 370 2980 st
390 2919 503 2996 Rufus,
526 2924 677 3001 quisunt
698 2921 732 2981 in
750 2921 887 3000 piscibus
906 2920 1025 3002 hirpus,

206 3027 311 3087 Pisces
334 3046 471 3108 namque
490 3041 620 3104 rorant,
643 3030 714 3090 illas
734 3030 789 3090 ubi
820 3028 974 3109 prendere
998 3042 1139 3110 possunt,

206 3132 370 3211 Prahsiue‚
387 3132 484 3211 Lata,
502 3133 662 3215 Charpho‚
682 3137 792 3213 Tinco,
819 3140 1015 3216 Barbatulus,
1041 3137 1137 3216 Orvo,

122 3251 161 3308 15
206 3245 291 3321 Alnt,
304 3242 403 3320 Naso,
426 3244 569 3326 qui‘bini
590 3243 682 3306 nimis
702 3244 882 3308 intus-sont
898 3237 1025 3327 acerosi,

203 3354 328 3416 Rubeta
349 3352 527 3430 sandicus,
550 3354 651 3416 Truta
671 3352 791 3434 digena,
819 3352 891 3418 rufa
912 3362 961 3423 vel
983 3364 1063 3438 alba,

204 3461 363 3543 incapite
388 3460 665 3545 grandis‘Capito,
688 3478 760 3547 post
788 3463 923 3546 degener
943 3470 1009 3542 alis,

203 3571 323 3634 Labilis
342 3573 478 3652 anguilla
509 3575 558 3637 vel
578 3594 637 3654 per
658 3589 752 3657 caput
781 3575 910 3663 horrida
931 3579 1052 3657 Weiss,

204 3686 303 3763 Asca,
324 3683 486 3759 Riuanch,
508 3684 601 3746 ambo
624 3683 730 3748 dulces
755 3687 847 3752 nimis
875 3689 908 3750 in
936 3689 1136 3772 comedendo,

120 3798 162 3851 20
206 3793 263 3854 Ast
281 3792 412 3874 Agapuz
434 3802 471 3852 ut
490 3812 563 3854 scus
584 3793 618 3853 in
638 3792 733 3857 dorso
755 3798 865 3877 pungit
885 3811 1002 3875 acutus,
1133 3780 1141 3792 ’

212 3902 378 3963 Praeterea
399 3899 490 3962 multi
505 3899 605 3982 pisces
626 3902 704 3964 mihi
727 3924 792 3966 non
812 3904 893 3968 bene
914 3909 990 3969 noti.

205 4008 264 4069 His
286 4009 358 4070 visis
382 4010 465 4085 tolli,
488 4007 578 4073 citius
599 4013 687 4087 jubet
707 4014 761 4074 illa
781 4015 895 4094 parari.

191 4116 319 4182 Mensa
340 4120 512 4201 parabatur
538 4120 611 4183 lotis
632 4122 740 4186 similis
762 4126 948 4186 cumulatur.
1059 4197 1062 4201 ⁴
