2640 4650
475 273 853 343 winruaulus.
1153 277 1176 341 7

251 504 396 570 Foedera
421 504 582 584 dissolvit,
609 528 800 591 censumque
820 506 926 569 subire
947 509 1083 588 negarit.

252 616 324 678 Hoc
345 617 403 677 nbi
421 621 484 692 jem
506 616 644 696 primum
666 618 799 696 Hagano
819 627 1006 696 cognoverat
1026 618 1115 693 exul,

150 731 214 787 120
256 725 357 788 Nocte
378 727 485 803 fugam
506 725 654 803 molitur,
686 737 717 785 et
743 723 783 784 ad
806 722 968 786 dominum
986 724 1177 806 properarit.

251 834 451 900 waltharius
478 846 583 896 tamen
612 833 652 894 sd
673 854 794 914 pugnas
813 847 1025 914 praecesserat
1046 836 1176 912 Hunos,

255 945 297 1007 Et
315 963 507 1027 quocunque
528 944 606 1019 iret,
632 960 708 1004 mox
731 963 885 1024 prospera
907 957 981 1005 sunt
1002 945 1156 1006 comitata.

192 1139 200 1144 Q
254 1051 385 1136 Ospirin
409 1055 550 1134 elapsum
576 1053 781 1130 Haganonem
803 1053 889 1132 regia
913 1059 1030 1130 conjux

255 1163 446 1240 Attendcns,
478 1161 607 1224 domino
629 1164 777 1242 suggessit
801 1163 874 1223 talia
897 1162 978 1223 dicta

149 1279 211 1335 125
255 1271 442 1336 ‘Provideat
462 1283 650 1353 caveatque,
677 1292 807 1352 precor,
832 1271 973 1332 sollertia
991 1271 1092 1351 regis,

252 1380 306 1443 Ne
323 1381 420 1444 uestri
439 1382 565 1462 imperii
584 1383 709 1442 labatur
730 1383 813 1442 forte
835 1382 994 1454 columna,

254 1491 325 1552 Hoc
347 1503 407 1568 est,
430 1492 628 1552 Waltharius
647 1503 748 1553 vester
771 1487 908 1552 discedat
929 1488 1046 1549 amicus
1053 1530 1064 1562 ,

253 1600 291 1662 In
317 1622 382 1683 quo
404 1622 515 1681 magna
537 1605 701 1682 potestatis
721 1602 769 1665 vis
792 1600 893 1689 extitit
914 1597 1032 1673 Hunis,

252 1709 336 1772 Nam
356 1731 484 1787 vereor,
509 1731 550 1771 ne
573 1712 640 1771 sors
658 1711 782 1789 fugiens
802 1710 1008 1788 Haganonem
1027 1704 1177 1766 imitetur.

148 1823 210 1879 130
253 1816 437 1903 Idcircoque
458 1841 561 1882 meam
579 1818 763 1900 perpendite
783 1818 1062 1893 minorationem,

253 1927 492 2010 cumprimum
515 1928 639 2004 veniat,
666 1929 743 1989 haec
764 1929 811 1988 illi
835 1925 926 1988 dicite
949 1928 1048 1990 verba

255 2037 421 2102 “Servitio
445 2039 480 2097 in
504 2047 614 2098 nostro
634 2055 764 2111 magnos
785 2037 973 2114 plerumque
993 2037 1119 2095 labores

251 2145 367 2204 Passus
388 2161 475 2218 cras,
496 2139 634 2220 ideoque
655 2142 751 2217 scias,
781 2138 868 2220 quod
888 2141 986 2216 gratia
1008 2151 1114 2201 nostra

249 2251 336 2329 Prae
354 2249 471 2310 cunctis
491 2260 586 2308 temet
607 2247 739 2326 nimium
761 2244 872 2309 dilexit
891 2247 1011 2323 amicis,

148 2365 209 2424 135
253 2357 347 2436 Quod
368 2362 442 2426 volo
463 2359 537 2440 plus
558 2358 647 2419 sactis
666 2369 696 2418 te
720 2379 817 2440 quam
839 2374 1024 2436 cognoscere
1044 2355 1143 2420 dictis.

251 2470 340 2550 Elige
362 2467 401 2531 dc
421 2470 554 2550 satrapis
578 2480 710 2549 nuptam
732 2468 790 2530 tibi
809 2467 1065 2546 Pannoniarum,

248 2582 289 2642 Et
310 2600 376 2642 non
399 2579 582 2662 pauperiem
602 2578 764 2667 propriam
786 2576 982 2659 perpendere
1006 2552 1106 2640 dures.

163 2712 165 2717 ·
252 2688 458 2770 Anrplificabo
481 2685 609 2770 quidem
631 2688 751 2766 pariter
770 2700 801 2749 te
821 2706 896 2748 rure
918 2683 1083 2766 domique,

132 2780 142 2794 '
247 2798 315 2860 Nec
329 2799 506 2880 quisquam,
522 2798 578 2880 qui
594 2795 647 2858 dat
664 2817 822 2877 sponsam,
837 2807 908 2877 post
924 2795 1004 2856 facta
1016 2791 1175 2875 pudebit.”

148 2905 209 2966 140
253 2903 348 2979 Quod
370 2906 397 2965 si
418 2909 597 2986 completis,
617 2907 709 2968 illum
730 2906 869 2968 stabilire
890 2904 1039 2984 potestis?

251 3004 451 3093 Complacuit
469 3035 572 3076 sermo
593 2989 687 3094 regis.
707 3015 873 3097 coepitque
895 3015 1012 3095 parari.

212 3095 422 3184 Waunarius
444 3122 548 3201 venit,
570 3124 621 3184 cui
641 3127 786 3207 princeps
806 3125 880 3188 talia
900 3125 1026 3208 pandit,

254 3228 396 3292 Uxorem
416 3227 552 3293 suadens
573 3232 635 3294 sibi
658 3230 782 3297 ducere.
810 3233 864 3297 sed
887 3246 991 3295 tamen
1011 3235 1096 3314 ipse,

251 3336 400 3398 demtum
411 3332 641 3420 pusemeditans
649 3387 658 3420 ‚
682 3342 768 3424 quod
783 3355 855 3422 post
866 3344 1074 3422 compleverat
1089 3343 1172 3414 actis,

147 3447 208 3509 14⁵
251 3444 455 3525 Investiganti
475 3447 524 3510 his
546 3451 740 3530 suggestibus
764 3451 875 3511 obvius
895 3429 978 3509 infit*

251 3554 384 3617 ‘Vestra
407 3556 535 3638 quidem
556 3542 655 3640 pietas
679 3571 726 3619 est
753 3557 840 3638 quod
862 3557 977 3619 modici
1003 3558 1172 3618 famulatus

250 3660 384 3725 Causam
406 3666 595 3747 conspicitis.
626 3666 682 3729 sed
698 3663 790 3754 *quod
808 3686 878 3728 mea
897 3666 997 3745 sergis
1016 3664 1130 3727 mentis

217 3903 269 3951 12³
292 3903 318 3955 io
344 3904 451 3972 Ospirin
476 3901 524 3956 des
548 3902 630 3955 letzts
655 3903 665 3955 i
689 3900 787 3956 radient
812 3905 842 3958 Α.
911 3905 962 3954 trs
986 3899 1061 3952 huius
1088 3900 1119 3953 B.
1139 3899 1170 3952 G.

146 3988 198 4038 1³5
217 3986 294 4042 Nunc
310 3993 369 4046 roto
386 3992 414 4066 1„
455 3997 509 4049 138
530 3992 653 4047 ualdete
672 3993 739 4048 B.-1.
789 3998 837 4050 141
863 4008 955 4064 parare
973 3991 1003 4044 0.
1051 3993 1102 4044 146
1122 3989 1171 4044 uu

145 4077 283 4146 instigandi
302 4080 334 4138 B.
357 4085 490 4152 instiganti
508 4087 530 4142 1.
586 4088 638 4139 141
659 4085 744 4140 seruis
766 4085 798 4156 Β.
