2640 4650
473 259 698 328 UNIBOS.

38 392 49 401 ι
85 393 193 402 ..-..--

188 501 258 556 103.
303 495 442 576 Apponit
462 495 511 555 ori
533 495 679 558 bucinam

300 603 413 664 Suitlat
435 624 493 684 per
516 605 742 683 arrogantiam

302 713 388 772 Dum
411 725 459 773 ter
480 717 630 790 jacentem
653 713 771 788 circuit,

301 818 474 884 Obscoenis
495 823 599 884 verbis
622 825 732 904 arguit.

188 931 259 991 104.
303 928 341 994 ‘O
367 929 543 991 simulatrix
567 930 687 1009 callida,

232 1018 241 1026 μ
301 1039 400 1119 Surge
423 1039 531 1111 dolosa
552 1037 659 1102 sitnia!

300 1151 427 1212 Petulca
445 1148 528 1210 sicut
550 1152 648 1228 asina,

300 1257 385 1320 Leva
408 1270 500 1338 caput
521 1257 559 1320 de
581 1256 729 1320 bucinai'

187 1373 256 1429 105.
301 1368 424 1429 Auditis
447 1369 495 1430 his
518 1367 706 1430 clamoribus

297 1480 414 1538 Aureus
436 1498 525 1537 suam
547 1478 744 1557 praepositus
843 1549 848 1559 ι

301 1587 441 1648 Festinat
461 1585 636 1647 interficere
675 1612 679 1618 ·

301 1693 366 1754 Sub
389 1715 443 1773 spe
466 1695 566 1756 vitalis
588 1693 732 1755 bucinae.

246 1852 254 1866 .
299 1802 348 1863 Ad
371 1804 516 1864 orbatum
538 1804 758 1883 presbyterum

297 1913 394 1972 Venit
418 1924 490 1990 post
513 1910 727 1985 homicidium,

298 2017 343 2078 Ut
364 2018 423 2077 sibi
443 2029 578 2097 praestet
598 2016 745 2077 bucinam

298 2122 368 2199 Qua
390 2126 517 2186 suscitet
539 2125 760 2206 praepositam.

247 2277 256 2298 .
299 2233 439 2296 Tandem
463 2247 588 2315 recepta
608 2237 724 2296 bucina

298 2343 497 2406 Sacerdotem
520 2343 559 2405 de
580 2345 697 2406 semina

298 2456 473 2534 Interrogat
496 2459 559 2532 jam
581 2468 715 2526 mortua,

299 2563 333 2624 Si
356 2565 493 2625 surrexit
514 2559 704 2641 juvencula?

246 2717 254 2733 .
297 2672 508 2748 interroganti
530 2669 661 2730 diciturz
767 2715 770 2721 .

299 2779 424 2838 ‘Hecate
448 2798 513 2839 non
535 2775 703 2855 videbitur,

296 2885 407 2945 Donec
427 2885 521 2945 limen
545 2884 690 2945 ecclesiae

298 2994 368 3053 Tua
390 3006 476 3074 petet
498 3014 567 3054 cum
592 2988 755 3071 conjugel’

145 3092 148 3096 i
182 3111 257 3167 109.
298 3101 508 3184 Sponsaecida
529 3102 727 3183 praepositus

295 3214 440 3274 Privatus
464 3211 576 3273 mentis
598 3212 742 3272 sensibus

296 3321 344 3383 Ad
369 3320 496 3383 domum
520 3332 624 3401 portat
646 3319 809 3400 propriam

294 3428 494 3493 seductionis
520 3431 677 3493 bucinam.

182 3546 255 3602 110.
297 3541 469 3624 Nunquam
493 3539 638 3602 sacerdos
660 3538 740 3598 alius

295 3650 426 3712 Moestis
449 3651 543 3712 tubae
565 3647 733 3726 mugitibus

296 3755 463 3818 Bucinavit
485 3753 674 3833 profundius

298 3861 399 3938 Quam
424 3863 529 3925 fatuus
553 3859 760 3944 praepositus.

72 3995 328 4007 -——--.—..

35 4115 40 4134 .
145 4087 212 4148 101,
229 4086 246 4135 3
283 4081 315 4138 ba
332 4089 435 4139 mortua
