2640 4650
527 271 793 340 ElCBASIS.

256 507 322 570 Nec
340 509 449 587 regina
471 507 553 569 Saba
576 506 738 570 Salomoni
760 506 804 568 sic
826 508 898 568 tulit
911 506 995 583 alta,

151 624 213 679 815
255 617 322 680 Nec
344 639 402 679 rsx
424 619 476 679 ille
498 636 588 698 pares
612 615 715 678 avium
740 614 878 697 possedit
898 616 1045 677 honores.

257 725 385 788 Praeses
409 746 460 787 eas
487 726 611 798 clamet,
639 721 756 784 blando
780 720 958 802 palpamine
979 731 1106 799 tractet3

258 833 392 897 Accedat
412 836 531 897 merula
554 829 715 895 colludens
739 853 810 893 cum
830 830 987 902 filomena,

255 940 380 1022 Organa
402 962 483 1025 quae
503 942 624 1002 merula
646 939 772 1014 miscet,
800 940 933 1002 luscinia
954 939 1089 1002 mulcet.’

257 1046 320 1124 Qui
342 1069 471 1128 surgens
493 1047 607 1123 currit,
630 1046 780 1125 juvenilia
800 1052 884 1124 jussa
905 1045 1036 1126 peragit,

256 1159 323 1221 Hos
346 1159 428 1238 capit
448 1158 605 1234 ingressus
635 1145 789 1217 concinno
810 1147 947 1216 carmine
968 1156 1107 1235 primus:

254 1263 329 1339 ‘Qui
350 1285 407 1327 rex
431 1277 477 1325 est
498 1265 604 1325 avium
628 1264 826 1340 languentem
845 1261 949 1324 visitet
972 1263 1075 1338 istum,

256 1374 321 1433 Det
342 1373 445 1447 vitam,
469 1369 521 1431 det
543 1359 637 1451 opes,
658 1388 784 1432 somnos
806 1380 977 1449 pastusque
999 1369 1149 1445 salubres,

255 1476 362 1558 Erigat
384 1492 560 1558 aegrotum,
586 1481 769 1541 corroboret
789 1489 877 1537 antra
899 1476 1049 1551 ferarum,

254 1589 422 1668 Prosperet
439 1590 523 1664 hunc
539 1587 681 1669 pardum,
704 1586 759 1668 qui
777 1599 898 1647 tantum
914 1585 1008 1647 deflet
1025 1587 1169 1652 amicum.

217 1753 223 1760 .
254 1697 356 1759 Vobis
379 1718 447 1759 ecce
470 1718 578 1757 canam
607 1707 721 1758 castam
744 1717 920 1778 puramque
939 1696 1086 1774 Mariam,

252 1809 362 1888 Alque
380 1793 600 1881 Gabrihelem,
622 1807 677 1886 qui
699 1807 821 1866 nuntiat
844 1807 1071 1868 Hemanuelem

254 1915 385 1994 Virgine
405 1914 614 1991 nascendum,
646 1914 769 1974 mortali
791 1935 883 1976 carne
906 1914 1082 1993 tegendum,

252 2023 296 2084 Ut
316 2025 416 2085 salvet
437 2024 591 2102 populum
612 2023 731 2099 peccati
752 2022 893 2100 pondere
919 2026 1083 2103 pressum.’

531 2129 582 2187 leo
607 2125 783 2189 filomenae.

258 2233 365 2296 ‘Gustu
390 2245 424 2294 tu
447 2232 613 2311 modicum,
636 2232 695 2311 [ut]
715 2234 815 2313 possis
834 2233 1009 2314 producere
1028 2237 1171 2297 cantum!

579 2342 736 2404 filomena.
920 2422 923 2428 ι

254 2447 298 2509 ‘Si
321 2447 396 2531 quid
418 2450 633 2532 inexpertum,
662 2450 754 2514 nobis
779 2461 920 2513 servetur
941 2448 981 2511 ad
1006 2452 1123 2523 imumt

254 2554 304 2616 Ne
325 2567 428 2618 tamen
451 2569 556 2619 amoto
580 2580 767 2640 quaeramus
790 2558 867 2619 feria
888 2555 975 2637 ludo,
1040 2550 1050 2556 ⁹

256 2663 303 2726 Sit
325 2666 412 2727 cibus
435 2687 470 2727 ac
486 2662 592 2744 'potus
615 2665 777 2743 Christus,
809 2666 864 2748 qui
887 2665 1000 2729 dicitur
1023 2683 1145 2748 unctus,

254 2773 346 2835 Adsit
366 2775 400 2833 in
423 2793 478 2834 ore
498 2792 583 2849 meo,
604 2773 687 2835 dulci
708 2775 790 2834 ferat
811 2794 926 2853 organa
947 2777 1087 2856 plecnn)

252 2885 338 2944 Haec
359 2880 495 2941 volitans
515 2883 616 2961 poscit
642 2873 792 2962 pardum,
815 2896 924 2945 notum
950 2885 1010 2947 sibi
1031 2886 1112 2967 visit,

255 2988 405 3050 Consistit
427 3009 445 3048 a
466 2986 585 3050 dextris
608 3004 751 3070 repetens
773 2991 905 3070 insignia
928 2992 1029 3055 laudis

253 3098 280 3158 A
303 3095 452 3172 natalitIo,
474 3117 537 3177 quo
557 3101 690 3180 concipit
710 3101 831 3160 innuba
852 3088 951 3180 virgo,

205 3227 207 3239 ·
251 3205 359 3287 Usque
371 3225 493 3295 sacrum
508 3204 631 3283 flamen,
648 3228 711 3290 quo
725 3222 845 3271 certum
856 3224 901 3273 est
911 3210 1166 3281 adloremissum.

252 3315 415 3378 Consentu
436 3315 530 3396 parili
555 3329 746 3377 memoratur
764 3319 868 3398 passio
891 3321 1017 3385 Christi.
1120 3329 1124 3332 ’

251 3427 363 3487 Passer
381 3436 515 3508 uterque
537 3423 627 3487 deum
653 3446 776 3500 caesum
797 3428 852 3490 flet
871 3432 1004 3493 verbere
1022 3429 1143 3492 Jesuns:

146 3537 208 3597 840
252 3534 413 3596 Exanimis
435 3535 553 3611 lactus,
576 3533 723 3597 claudens
744 3538 914 3619 spiramina
937 3538 1040 3618 fletus,

253 3641 430 3704 Commutat
452 3663 570 3718 vocem,
594 3642 667 3703 dum
694 3648 824 3707 turbant
846 3647 943 3709 tristia
964 3646 1100 3724 laudem,

250 3746 375 3828 Organa
396 3748 539 3826 divertit,
561 3750 635 3811 dum
660 3750 777 3813 Christi
796 3754 931 3816 vulnera
953 3755 1080 3836 plangit,

252 3853 393 3919 Solvitur
418 3855 452 3915 in
472 3856 589 3917 luctum
612 3858 753 3919 recolens
781 3859 943 3924 dominum
972 3860 1164 3941 crucifixum,

147 4005 426 4019 --————

216 4092 271 4140 820
289 4087 327 4142 his
346 4095 376 4144 Α.
448 4095 503 4145 829
522 4099 551 4146 ut
572 4091 750 4160 hinzngeltigt.
867 4103 869 4108 '
