2640 4650
343 310 676 390 nuunnrnn
723 276 836 398 reign.
856 308 912 377 vr.
1042 334 1048 344 x
1089 310 1149 376 nr

1038 433 1148 444 ——u

217 547 268 609 Ne
290 536 416 626 grandis
440 550 532 629 culpa
553 550 680 630 penitus
701 569 750 609 me
773 547 889 610 sicelet
910 548 1031 608 inulta?

179 676 184 685 ·
215 656 311 718 ¹Tunc
330 669 436 719 rector
457 657 565 718 liberis
585 657 670 718 bunc
699 656 853 718 commisit
880 656 1034 733 senioris,

218 764 321 826 Mater
340 775 374 825 et
394 776 430 826 ut
455 763 584 826 domina
604 767 645 826 sit
668 765 728 840 eis,
751 770 825 840 arec,
847 774 884 824 ut
904 756 989 841 ante,
1007 782 1152 826 noverca.

179 900 181 905 ·
219 871 308 950 Quae
331 848 433 937 restes
454 875 619 955 pulchras,
644 884 773 936 ornatus
797 873 889 934 abicit
910 860 1040 949 omnes,¹
1114 932 1116 937 ,

138 990 180 1045 90
219 981 367 1046 induitur
388 984 496 1046 tunica
509 987 604 1046 'velut
624 1003 665 1045 ex
687 983 816 1062 fuligine
838 981 951 1044 tincta·

221 1090 399 1155 Caesariem
419 1082 513 1168 rasit,
534 1092 607 1154 liinc
627 1092 790 1155 resticulos
813 1113 850 1154 ea
867 1091 982 1173 plectit,
1038 1094 1043 1119 ·'

182 1211 185 1215 '
220 1200 301 1264 Gum
323 1201 438 1284 quibus
453 1210 490 1263 'et
510 1214 634 1262 teneras
656 1202 885 1263 constrinxerat
905 1201 959 1261 illa
978 1198 1139 1277 mamillas,

221 1312 330 1376 Rostes
353 1313 390 1376 vi·
406 1310 553 1395 mordent
572 1331 700 1389 carnes,
724 1308 823 1373 donec
846 1309 1033 1391 putrefiunt.¹

221 1423 358 1503 Tegmen
377 1396 553 1503 pannosum
576 1407 669 1502 caput
692 1441 785 1482 omne
813 1422 933 1500 tegebat
959 1429 990 1481 et
1011 1398 1133 1501 ipsum,

138 1538 179 1594 95
222 1531 274 1594 Sic
297 1533 344 1595 nil
363 1531 398 1592 ni
419 1551 510 1592 nares
533 1532 616 1592 oculi
636 1541 809 1592 cernuntur
830 1540 861 1588 et
882 1530 958 1604 elus.
986 1508 990 1515 ¹

207 1640 409 1707 wentenum
432 1641 537 1719 discit,
561 1642 682 1726 animae
705 1641 787 1701 senis
809 1638 904 1720 idque
934 1638 1074 1698 canebat.
1110 1652 1119 1665 ³

220 1750 296 1814 Non
318 1750 542 1828 manducabat,
575 1751 635 1811 nisi
657 1751 777 1811 stellam
802 1746 929 1830 quando
964 1749 1056 1811 debat
1155 1735 1267 1790 ¹⁰¹·24b·

218 1863 310 1923 Tunc
331 1863 446 1923 siccum
467 1882 582 1942 panem
608 1859 793 1932 comedens,
815 1871 928 1936 atrum,
950 1859 1135 1934 cinerosam,
1221 1914 1224 1925 ι

221 1970 297 2049 V[cl
315 1971 411 2048 bi]bit
422 1993 427 2003 ¹
438 1992 478 2032 ex
497 1970 617 2051 limpha
635 1976 770 2032 'tantum
794 1958 945 2031 coclearia
966 1980 1066 2030 terna.

141 2084 202 2138 100
226 2078 374 2140 Ambulat
396 2080 474 2138 baec
494 2075 626 2155 pedibus
648 2076 740 2140 nudis
768 2099 832 2160 per·
846 2078 944 2157 frigus
971 2090 1001 2141 et
1025 2091 1137 2156 aestus,
1198 2101 1207 2109 ·
1239 2120 1242 2125 -

223 2183 352 2247 Dormit
373 2196 403 2245 et
425 2186 459 2245 in
480 2186 561 2247 lecto
584 2185 684 2248 nihilo
701 2187 789 2267 palea
812 2189 871 2249 nisi
898 2199 1003 2265 strato,

225 2295 265 2357 Et
285 2314 345 2376 pro
367 2294 525 2376 plumacio'
551 2294 654 2376 posito
670 2298 1005 2381 tautummodo—liguo.

227 2406 311 2467 Ante
331 2401 413 2467 diem
430 2403 528 2485 surgit
549 2405 632 2468 senis
647 2405 687 2469 ad
702 2409 856 2469 tumulum
880 2410 1022 2486 veniavit,
1121 2405 1125 2413 ¹

221 2516 334 2579 Donec
354 2515 498 2592 sudavit,
520 2513 620 2578 donec
641 2517 712 2611 plus
735 2530 817 2578 stare
839 2519 989 2601 nequivit.
1056 2544 1059 2549 ·
1141 2522 1144 2527 '

138 2629 198 2687 105
222 2625 312 2689 Tunc
331 2626 396 2688 iuit
418 2626 452 2688 in
479 2625 609 2704 faciem,
641 2626 720 2688 dnm·
738 2629 855 2688 fontem
877 2628 956 2688 flens
985 2628 1031 2689 ibl
1052 2631 1133 2693 fecit.

226 2736 377 2817 Ningeret
399 2749 455 2798 ant
475 2737 614 2817 plueret,
636 2754 691 2798 seu
717 2737 764 2798 sol
789 2737 939 2800 torrendo
962 2753 1120 2818 cremaret,

220 2847 317 2908 Venit
338 2844 377 2907 ed
399 2845 581 2922 ecclesiam,
598 2864 675 2909 mox
696 2860 730 2908 ut
750 2849 904 2928 pulsatur,
926 2848 964 2912 ad
986 2851 1095 2931 ipsam,

220 2954 260 3014 Et
283 2974 347 3014 nou
365 2953 439 3016 inde
459 2953 559 3031 redit,
588 2955 663 3017 ditm
686 2957 930 3040 circumquaque
953 2960 1069 3037 diescit.
1173 3034 1175 3041 ¹

222 3059 271 3121 Ad
293 3063 390 3123 breve
409 3075 486 3123 tunc
500 3064 617 3142 rediit,
639 3063 739 3128 donec
760 3067 870 3127 faciem
893 3069 953 3129 sibi
976 3070 1062 3147 lavit,
1164 3125 1173 3136 ‚

140 3173 200 3228 tto
223 3168 380 3230 Presbiter
401 3169 586 3233 admissam
609 3175 659 3237 vel
693 3177 839 3256 pulsabat
861 3179 1089 3244 celebrandum.

221 3275 311 3336 Tunc
328 3276 430 3354 rediit,
454 3298 567 3344 nonam
590 3287 753 3363 posthaec
771 3286 815 3346 ibi
828 3288 939 3351 nsansit
953 3288 990 3350 ad
1013 3294 1135 3355 horam.

217 3383 336 3466 Nilque
357 3390 600 3468 potestatis-sibi
624 3390 783 3469 vendicat,
812 3395 893 3454 hanc
914 3395 989 3458 sinit
1013 3397 1084 3461 illis.

219 3491 1133 3590 Quodsibidant,babuit,quodnondant,noneaqua'erit.
1178 3586 1181 3591 .

217 3603 306 3667 Haec
325 3627 490 3690 nunquam
512 3610 593 3686 risit,
615 3631 686 3673 cum
710 3615 836 3675 nemine
857 3629 966 3695 postca
984 3620 1067 3683 lusit.
1121 3616 1124 3621 ’

137 3715 197 3771 115
219 3711 299 3776 Cum
321 3717 427 3779 rident
449 3719 514 3788 alii,
536 3718 626 3781 fletus
649 3720 748 3784 dulcis
771 3725 831 3787 suit
853 3727 908 3788 illi.

219 3820 308 3883 Hanc
329 3825 530 3904 irascentem,
551 3830 725 3910 rixantem,
743 3834 959 3896 luxuriantem

220 3926 323 3990 Nemo
346 3930 473 3997 videbat
494 3957 579 4013 eam,
601 3939 674 4003 dum
697 3945 792 4006 vitam
815 3926 929 4007 deserit
957 3945 1056 4004 istam.

213 4119 278 4211 Itta
302 4153 464 4215 commissu
485 4164 565 4225 uatis
585 4168 626 4226 ab'
646 4169 752 4250 eisque
775 4152 897 4250 rebapta
920 4164 924 4171 ’
957 4188 961 4193 “
