2640 4650
164 313 214 356 llll

8 540 18 549 ··
99 600 103 605 Ι
162 544 224 584 nen
256 523 446 601 geschenke,
479 522 585 586 wobci
617 521 789 585 besonders
821 521 871 583 die
904 523 1186 601 raugverhbltnisse

162 630 226 689 lein
256 632 443 692 beobachtet
471 633 611 695 werden.
665 633 717 692 leh
750 634 829 694 hehe
860 630 919 692 den
949 653 1021 694 vers
1053 634 1186 712 hervor:
1265 674 1267 677 v

109 790 112 795 .
162 735 283 801 Obvius
308 741 350 799 ad
374 752 485 821 pontem
509 743 597 804 venit
624 742 650 802 is
675 741 733 803 tibi
755 763 804 802 nos
832 741 1019 816 dimicantem,
1048 740 1115 800 Pax
1142 740 1187 830 ibi

161 847 302 908 firmatur
326 844 371 929 (3,
394 845 460 931 22.)
512 871 544 911 es
576 871 643 912 war
672 850 790 909 uralter
817 851 955 925 brauch,
986 848 1053 910 dass
1082 849 1186 926 krieg-

32 950 48 969 “’
78 970 81 975 ·
161 952 318 1013 siihrende
349 955 498 1016 herscher
524 957 558 1015 iu
589 954 646 1016 der
673 957 759 1017 mitte
790 955 843 1017 des
874 955 1002 1032 haeses,
1032 954 1088 1016 der
1117 958 1185 1017 ihre

160 1059 264 1120 reiche
288 1061 411 1139 schied,
444 1063 609 1140 gleichsam
638 1063 726 1142 jeder
750 1065 832 1126 noch
863 1066 922 1125 auf
944 1065 1059 1125 seinem
1083 1064 1186 1143 gruud
1227 1112 1229 1116 >
1284 1066 1299 1097 ’Ψ

159 1166 307 1245 stehend‚
329 1166 382 1229 liir
403 1166 465 1229 den
487 1170 713 1232 iriedensbund
736 1171 1018 1231 zusammentrafen
1043 1169 1108 1230 und
1129 1173 1185 1231 ibn

160 1272 338 1336 beredeteu.
392 1274 446 1337 das
476 1279 740 1358 ‘ailtesteaeugnis
768 1280 863 1339 bietet
891 1277 1017 1337 Tacitus
1048 1275 1132 1359 (hist.
1155 1286 1184 1354 5,

159 1381 239 1468 26):
270 1385 377 1465 ‘petito
412 1388 569 1469 colloqqu
603 1391 738 1449 scinditur
768 1388 919 1449 Nabaliae
944 1389 1073 1470 fluminis
1106 1411 1185 1468 pons,

158 1498 187 1554 in
214 1495 295 1576 cajus
324 1496 448 1578 abrupta
478 1499 637 1576 progressi
668 1497 780 1559 duces.’
832 1496 916 1557 daun
951 1499 1033 1558 beim
1064 1498 1183 1559 frieden

159 1604 317 1668 zwischen
331 1606 482 1667 Heinrich
499 1606 513 1664 I
531 1606 595 1667 ttnd
609 1605 681 1667 Carl
701 1604 770 1666 dem
791 1606 966 1685 eiultiltigen
986 1629 1048 1670 von
1060 1609 1183 1670 Frank·

157 1715 262 1790 reich,
287 1715 391 1775 annal.
413 1713 546 1778 lobiens.
568 1713 607 1775 ad
631 1737 658 1776 a.
681 1721 741 1776 923
766 1713 871 1798 (Perta
895 1715 1039 1801 2,210):
1063 1718 1182 1780 ‘eodem

158 1847 241 1887 armo
273 1825 412 1886 Karolus
442 1846 511 1885 cum
541 1824 679 1886 Hearico
709 1847 781 1906 rege
812 1826 1041 1890 Germanorum
1061 1827 1182 1890 vfoedus

155 1935 242 2011 iniit,
283 1949 312 1996 et
346 1938 385 1998 ab
426 1956 531 1997 amore
559 1933 614 2016 (ob
652 1940 805 2010 amorem)
841 1938 970 1999 Henrici
999 1938 1183 1999 lothariensi

155 2064 252 2124 regno
286 2047 386 2108 cessit.
443 2051 582 2123 juratum
618 2063 663 2109 est
693 2049 852 2129 utrimque
888 2051 927 2108 ab
963 2049 1115 2129 episcopis
1152 2058 1183 2108 et

3 2152 60 2251 :25⁵
97 2170 116 2219 ·,
157 2156 323 2218 comitibus
344 2161 372 2216 in
397 2157 489 2216 medio
510 2160 583 2218 Reai
597 2159 719 2239 fluminis
743 2155 827 2238 apud
846 2157 1015 2245 Bonnam‚'
1034 2158 1097 2236 vgl.
1120 2156 1181 2215 Ba-

155 2268 227 2326 luze
260 2267 386 2345 capitul.
405 2273 436 2342 2,
457 2272 533 2326 299.
585 2266 697 2346 Spater
725 2269 794 2326 eine
823 2267 1099 2327 zusammenkuaft
1122 2265 1182 2330 der

154 2371 272 2450 konige
301 2371 464 2433 Friedrich
494 2372 559 2434 und
581 2372 717 2453 Ludwig
745 2376 786 2434 im
805 2380 828 2451 j.
854 2381 935 2436 1162
967 2373 1127 2451 (Helmold
1153 2381 1179 2450 1,

158 2477 230 2565 90):
256 2483 296 2542 ‘et
317 2480 401 2541 misit
424 2501 530 2542 caesar
548 2481 587 2543 ad
609 2503 712 2561 regem
734 2481 885 2544 Franciae
908 2481 1119 2559 erdovicum,
1145 2493 1180 2540 ut

155 2602 334 2652 occurreret
362 2592 423 2651 sibi
449 2590 532 2672 apud
556 2592 718 2667 Laonam,
747 2611 828 2672 qnae
857 2605 904 2652 est
932 2592 964 2652 in
993 2605 1077 2653 terra
1097 2592 1179 2652 Bur·

154 2698 369 2779 grandiorum,
388 2705 477 2777 juxta
504 2703 629 2762 Ararim
661 2701 811 2778 fluvium,
844 2700 882 2762 ad
905 2699 1180 2779 redintegrandum

154 2811 304 2872 unitatem
325 2810 469 2872 ecclesiae
496 2854 578 2874 ....
602 2808 783 2873 Ludovicus
805 2833 863 2873 rex
893 2811 1062 2888 Franciae,
1091 2815 1179 2886 ctrjus

152 2917 322 3000 praecipue
338 2919 576 2995 exspectabatur
597 2915 758 2992 adventus,
779 2920 833 2979 ubi
853 2919 1006 2981 intellexit
1025 2937 1179 2998 caesarem
1260 2983 1262 2988 .

82 3026 86 3031 ’
154 3027 343 3108 appropiare
371 3048 442 3088 cum
467 3026 606 3087 exercitu
630 3039 661 3087 et
687 3029 780 3087 armis
804 3029 926 3105 multis,
952 3004 1105 3089 dubitavit
1127 3046 1179 3088 oc·
1241 3042 1244 3045 ’

154 3157 281 3200 currere
306 3139 344 3200 ei.
394 3136 447 3200 sed
473 3150 604 3218 propter
630 3135 722 3198 fidem
746 3151 1011 3199 sacramentorum
1034 3136 1120 3202 venit
1140 3132 1180 3196 ad

154 3243 260 3310 locum
281 3247 388 3325 placiti
409 3249 576 3308 constituto
597 3245 663 3322 dic,
693 3248 753 3307 hoc
775 3260 820 3309 est
840 3247 872 3306 in
901 3246 1105 3308 decollatione
1125 3242 1179 3304 Jo-

154 3355 267 3417 hannis
289 3354 440 3434 baptistae
464 3366 494 3414 et
517 3354 660 3415 exhibuit
687 3375 718 3417 sc
740 3361 768 3414 in
790 3351 880 3437 pontis
901 3357 1009 3430 medio,
1038 3354 1078 3413 ab
1100 3331 1179 3411 hora

154 3461 245 3522 tertia
269 3481 368 3542 usque
392 3458 432 3520 ad
453 3462 565 3524 horam
595 3483 711 3524 nonam
734 3462 820 3545 quod
848 3460 1078 3525 reszanciae
1101 3440 1180 3520 acci·

140 3570 244 3652 piens
266 3589 325 3649 pro
349 3570 541 3630 ominelau‘t
563 3593 664 3631 monus
684 3579 800 3633 suasio
814 3575 951 3656 flumine,
977 3572 1018 3632 ob
1040 3569 1179 3631 testimo-

145 3679 243 3757 nium
265 3680 355 3758 quasi
376 3677 433 3758 qui
454 3678 545 3739 fidem
564 3681 734 3760 pollicitam
752 3680 932 3757 reddiderit,
953 3690 984 3740 et
1002 3675 1180 3756 digrediens

114 3766 117 3773 Ι
154 3782 229 3853 iude
257 3783 334 3845 abiit
361 3785 429 3864 ipso
458 3805 589 3865 vespere
611 3787 792 3849 Diviouem.
834 3786 962 3851 veniens
984 3804 1060 3863 ergo
1083 3795 1179 3844 noctu

156 3914 263 3957 caesar
272 3905 327 3954 etc.
370 3890 412 3951 So
434 3892 516 3952 noch
543 3912 674 3954 unserer
695 3905 764 3971 tage
785 3893 836 3953 bei
849 3889 918 3952 dem
929 3891 1044 3952 'tilsiter
1056 3888 1178 3952 frieden

154 3980 256 4063 trafen
271 4000 337 4062 sich
349 3999 514 4079 Napoleon
528 4001 594 4062 und
609 4001 787 4064 Alexander
798 4022 861 4064 von
872 3999 1026 4062 Rulsland
1040 4000 1101 4082 aas
1114 4003 1179 4068 dem
1199 3983 1202 3989 ¹

155 4111 259 4171 Memel
276 4107 307 4168 in
331 4108 432 4170 einem
454 4111 588 4192 hachen,
612 4109 677 4172 und
700 4109 749 4173 die
771 4109 946 4188 geschichte
968 4114 1069 4172 keunt
1090 4111 1178 4171 meh-
