2640 4650
116 276 179 345 ua
305 346 309 361 ,
352 268 939 357 tt·U01)nlnB.tugn·.flt.-

112 509 177 571 480
218 506 307 570 Neve
330 516 491 568 reatinae
513 503 623 569 domui
643 503 759 569 debere
776 527 947 588 pincentes

217 615 253 678 Si
274 613 488 696 pernoctabit,
510 612 548 675 ad
572 633 708 675 mensam
728 613 797 675 aive
817 616 948 679 sedebit.

217 725 334 787 Tecum
357 719 569 800 manducant,
586 741 709 803 pernox
729 732 833 784 tecum
856 745 1025 806 repausans

215 833 376 895 Continuo
400 830 529 895 domina
552 844 734 894 cunctorum
752 831 821 892 vult
841 832 911 893 fore
929 851 1060 893 stemma.

214 943 305 1004 idalia
326 942 482 1003 famosum
505 939 623 1002 faciunt
641 937 893 1018 ignominiosum.
911 972 953 985 -

112 1054 175 1115 485
187 1045 221 1136 7)
229 1050 263 1112 st
284 1051 361 1113 libet
380 1071 514 1113 uxorem
535 1047 695 1111 traducere
709 1049 906 1145 qobiiiorem‚

219 1156 322 1220 Cattae
345 1159 496 1220 karorum
524 1156 774 1237 generandorum
792 1159 975 1230 liberentm,
1057 1206 1061 1213 .

223 1269 314 1352 'l'unc
336 1266 576 1346 cognoscibilem
599 1269 752 1350 conquire
772 1267 831 1330 tibi
848 1267 1020 1340 mulierem,

114 1444 120 1451 ,
223 1377 264 1440 Et
285 1397 439 1459 nusquam
463 1376 643 1461 materntibi
664 1377 699 1437 ni
720 1398 785 1459 quo
809 1374 996 1439 concilietur.

221 1483 324 1562 Quam
338 1485 413 1546 dum
428 1485 607 1567 quaesieris,
626 1483 717 1546 docet
729 1485 919 1549 omnimodis
938 1497 972 1547 ut
983 1485 1132 1558 honoret,

114 1598 178 1658 490
220 1596 349 1656 Tractus
371 1596 556 1668 clementer,
586 1591 633 1651 illi
654 1596 758 1653 tamen
782 1583 848 1658 esto
868 1595 1021 1674 magister,

220 1703 370 1783 Litiginm
391 1723 461 1764 cum
483 1714 514 1762 te
536 1721 575 1760 ne
597 1697 683 1780 quod
704 1716 885 1779 praesumat
907 1705 1042 1763 habere:

217 1813 300 1875 Nam
322 1811 432 1872 vitium
455 1809 577 1882 nullum
599 1810 697 1883 majus
719 1800 802 1868 valet
822 1827 890 1869 ease
910 1808 1065 1888 virorumj

196 1892 322 1996 xQuam
342 1917 370 1979 ei
390 1918 520 1996 subjecti
551 1917 612 1978 aiut
641 1914 730 1998 queis
759 1911 874 1975 debent
893 1912 1061 1978 dominari.

219 2029 260 2092 Et
276 2030 348 2091 iicet
369 2029 402 2090 in
424 2029 541 2090 cunctis
562 2028 643 2088 bene
666 2023 835 2088 concordet
855 2024 913 2087 tibi
933 2027 1038 2102 rebus,

113 2145 176 2204 495
219 2139 403 2223 Numquam
422 2141 502 2203 velie
523 2134 611 2200 tumn
633 2133 731 2201 debeo
750 2135 810 2198 sibi
830 2133 970 2217 pandere
988 2147 1101 2214 totum,

217 2251 247 2312 A
271 2262 303 2310 te
325 2261 469 2328 correpta
489 2249 515 2310 ai
537 2261 607 2328 post
630 2269 690 2328 pro
712 2268 747 2308 re
768 2248 881 2309 vitiosa

218 2359 439 2436 Improperare
463 2356 555 2428 velit,
576 2369 611 2416 ut
632 2357 677 2414 nil
698 2356 757 2422 tibi
777 2354 880 2415 dicere
901 2357 1009 2435 possit,

217 2462 311 2525 Unde
332 2459 437 2542 pudor
455 2461 504 2521 vel
525 2480 615 2519 amor
632 2461 716 2519 inter
730 2481 784 2520 voa
803 2460 878 2542 quid
898 2463 1067 2525 minuatur.
1086 2501 1132 2514 -
1197 2517 1201 2523 .

5 2577 112 2632 tuma.
162 2568 197 2659 8)
218 2571 315 2634 Nulla
335 2567 500 2651 repentina
519 2566 576 2628 tibi
600 2580 661 2628 tam
682 2554 784 2646 gravis
803 2567 928 2648 ingruat
948 2571 1005 2648 ira,

113 2691 177 2748 500
220 2679 305 2758 Quin
327 2689 512 2762 pernoctare
532 2674 699 2739 uindictam
719 2676 903 2758 perpetimur,

215 2792 450 2858 Maximorum
474 2785 570 2848 dubia
590 2807 641 2848 res
663 2799 726 2866 eat,
749 2806 814 2848 non
837 2798 872 2848 ut
893 2785 951 2848 tibi
973 2784 1064 2864 dicta,

221 2905 344 2968 Forsan
365 2921 432 2962 craa
453 2897 585 2978 gaudee,
606 2895 703 2958 animi
724 2895 813 2980 qnod
831 2896 921 2960 iren'a
938 2898 1074 2960 tenebas.
1087 2930 1131 2946 -·

168 3012 201 3099 9)
222 3014 394 3096 Nunquam
415 3031 487 3073 cum
508 3006 636 3090 domino
656 3006 716 3068 tibi
734 3006 773 3068 lia
795 3006 835 3068 sit
856 3006 923 3070 aive
942 3006 1109 3087 magistro3

219 3123 366 3204 Namque
387 3122 549 3202 potestate,
572 3118 599 3180 ai
621 3136 683 3178 nou
706 3109 963 3199 justa-imperant
976 3128 1018 3180 te.

115 3238 176 3296 505
219 3231 287 3292 Nec
309 3229 385 3314 quid
412 3233 456 3291 eia
477 3241 632 3309 praestes,
653 3228 804 3295 veraciter
825 3226 858 3289 id
883 3227 957 3310 quia
978 3227 1101 3309 perdes.

217 3338 309 3423 ‚Cum
320 3347 410 3415 rogat
423 3348 457 3395 ut
472 3349 620 3415 praestes,
631 3349 678 3398 eet
689 3349 763 3397 tuuc
778 3337 898 3411 melius,
911 3337 973 3397 aibi
984 3358 1048 3418 quo
1060 3337 1130 3418 dee;

217 3443 358 3522 Inveniet
379 3442 502 3522 antipam
527 3445 601 3524 quia
621 3441 803 3505 tantundem
826 3442 885 3503 tibi
905 3465 962 3523 per
982 3466 1078 3527 quam

220 3551 249 3612 T
250 3549 340 3625 odiat,
362 3559 530 3629 utrumqne
548 3550 647 3629 perit,
669 3570 726 3609 nec
741 3560 908 3628 grateanec
920 3547 1129 3615 bonareddet.
1174 3552 1177 3558 ”

221 3659 343 3735 Grates,
364 3652 460 3733 dicct,
481 3658 573 3733 habe,
593 3679 665 3718 cum
684 3656 909 3737 despoliaberie
931 3682 953 3730 a,
972 3679 1017 3736 ae,
1117 3674 1120 3679 ·

117 3778 180 3834 510
222 3770 314 3832 Tunc
332 3765 517 3843 inclinabit,
537 3764 701 3828 dominum
722 3766 871 3844 laudans,
894 3766 981 3850 qnod
1003 3771 1104 3832 abibit
1129 3784 1132 3792 '

220 3877 322 3941 Sanno
341 3896 414 3938 cum
436 3875 517 3951 vita,
534 3874 635 3936 'nihili
662 3894 797 3954 pensans
815 3887 871 3937 tna
887 3875 1011 3945 damna.
1031 3908 1073 3927 -

147 3985 201 4073 10)
224 3988 263 4049 Et
275 4006 446 4069 numquam
462 3984 573 4047 sititet·
585 3986 748 4066 quoquam
765 3982 824 4042 tibi
836 3995 898 4045 tam
914 3999 1131 4068 properanter,

222 4085 541 4178 Ut'praatermittaa,⁸·
556 4090 653 4176 quin,
673 4085 816 4159 ecclesiae,
839 4090 1033 4170 ubicerntr,
1056 4136 1062 4145 -
