2640 4650
142 248 207 317 tes
391 240 699 313 nuounrun
744 237 924 329 tragum

146 484 188 537 80
232 473 363 549 ‘Dicile,
384 472 521 535 rumoris
545 492 628 533 nune
651 466 726 553 quid
748 469 842 532 nobis
862 470 1054 535 relerntis'?

229 581 405 666 Respondit
426 583 559 644 missus:
583 581 668 664 ‘quia
688 581 824 641 clemens
846 590 893 641 est
924 580 982 641 tibi
1006 580 1183 667 Christum

231 691 324 770 Quod
346 714 433 773 reges
456 691 508 752 olii
532 691 593 752 nisi
614 689 723 770 grandi
739 712 804 752 non
826 702 979 771 superant
999 693 1050 769 vi,

231 804 294 865 Dat
318 802 394 864 deus
417 802 448 863 id
472 813 583 881 sponte
605 801 664 862 tibi
685 801 821 861 clemens
843 800 964 881 absque
984 801 1120 881 labore,

229 910 310 987 Nam
333 929 391 992 per
416 911 561 988 contiguo
583 909 657 987 tibi,
689 930 771 991 quae
795 922 869 970 sunt
890 908 1057 993 undique,
1079 932 1185 995 regna

146 1026 186 1083 85
232 1019 376 1083 Crederia
399 1039 465 1081 esse
488 1020 538 1081 leo
560 1017 699 1097 vigilanti
722 1039 846 1100 semper
869 1021 980 1095 ocello,

232 1129 317 1208 Quin
340 1130 496 1210 egttellina
517 1129 632 1210 pietate
653 1143 770 1210 tuaque
791 1129 902 1210 sophia

230 1242 280 1303 Tu
300 1240 399 1305 vincia
421 1238 550 1313 melius,
575 1234 696 1317 gladius
718 1258 813 1319 quem
837 1236 941 1301 vincat
963 1238 1059 1305 nlius.

229 1351 375 1435 Namque
395 1350 455 1413 deo
480 1361 571 1425 teste,
603 1369 666 1430 quo
689 1347 835 1407 mittebar
859 1344 955 1409 modo
977 1344 1020 1409 de
1042 1361 1089 1427 te,

229 1458 363 1535 Nescio,
384 1459 456 1538 plns
473 1457 517 1517 ab
541 1456 584 1518 eis
606 1453 772 1529 ademeris,
794 1472 848 1514 seu
871 1452 1023 1527 verearis.

146 1574 188 1629 90
232 1566 313 1628 Cum
334 1588 392 1628 rex
415 1565 566 1643 audisset,
590 1587 711 1627 summa
734 1577 799 1629 tum
823 1588 899 1647 grex
920 1578 952 1627 et
975 1564 1121 1653 adesset,

230 1673 321 1752 Quae
345 1675 537 1737 demandasti
561 1676 620 1737 sibi
642 1678 691 1738 vel
714 1677 800 1756 plebi
820 1677 913 1737 simul
938 1679 1037 1755 omui,

230 1786 337 1849 Primo
360 1787 535 1856 servimen,
558 1801 627 1866 post
651 1786 704 1848 fidi
727 1784 829 1848 cordis
851 1806 1000 1863 amorem,

230 1894 361 1958 Sublata
384 1894 498 1978 cydare
519 1917 649 1976 surgens
672 1897 801 1959 inclinat
821 1898 962 1958 dionesie.

29 2024 75 2080 sot.
90 2023 126 2080 ets
230 2009 322 2071 Tunc
343 2007 483 2071 residens
505 2010 616 2086 tacuit,
639 2007 739 2073 donec
759 2029 825 2070 rem
846 2008 983 2090 pleniter
1005 2008 1111 2093 audit,
1218 2010 1226 2037 ²

144 2125 185 2185 95
228 2118 390 2197 Quantum
412 2134 566 2187 nostrates
588 2119 864 2202 disceptabantque
885 2133 998 2196 suares,

227 2228 332 2311 Atque
354 2229 404 2293 sui
425 2241 548 2290 nostros
572 2228 768 2290 offendentes
790 2228 938 2308 inopinos

228 2320 393 2412 Occidunt,
413 2337 565 2416 spoliant,
590 2336 823 2419 captivatosque
844 2338 1040 2417 crentabant5

229 2441 374 2519 Qualiter
397 2457 426 2505 et
447 2446 548 2506 nostri
570 2457 643 2506 suut
670 2446 796 2508 illorum
819 2443 982 2525 dominati,

146 2586 149 2592 ·
229 2550 377 2631 Captivos
397 2550 578 2630 redimunt,
608 2555 862 2637 capitivautesque
883 2557 1039 2635 ligabant3

146 2667 207 2723 100
230 2657 318 2736 Quos
341 2660 397 2722 tibi
418 2682 487 2723 cum
509 2642 654 2724 referunt
660 2709 668 2740 ,
697 2664 856 2745 perituros
887 2682 983 2743 seque
1008 2673 1173 2747 putarent,

229 2767 331 2846 Quam
354 2772 523 2833 clementer
543 2772 587 2834 eis
609 2770 776 2834 adimendo
796 2786 915 2847 metum
941 2772 1109 2853 misereris,

226 2881 303 2941 Illos
324 2881 500 2957 absolvens,
522 2884 687 2944 consolans
710 2894 740 2944 et
761 2884 841 2945 bene
861 2894 1007 2960 tractans,

225 2989 431 3066 Praesulibus,
452 2988 602 3069 ducibus,
623 2991 834 3072 locupletibus
865 3033 1124 3055 .......
1229 3032 1232 3037 -

227 3099 317 3181 Ipsos
347 3100 536 3166 servandum
566 3101 703 3181 dederis,
729 3102 779 3162 vel
801 3120 900 3183 equos
922 3099 961 3162 ad
983 3098 1145 3175 alendum,

143 3212 204 3270 105
226 3208 302 3271 Non
320 3224 356 3272 ut
376 3226 451 3274 sunt
472 3212 591 3288 meriti,
621 3214 680 3271 sub
704 3231 826 3272 carcere
851 3209 1009 3291 compedis
1031 3220 1086 3271 aut
1100 3212 1145 3289 vi,

226 3317 293 3379 Nec
316 3319 552 3407 tractentpilloa
576 3316 683 3380 deceat
705 3339 800 3400 quem
821 3320 904 3400 regis
925 3320 1051 3396 amicos,

225 3425 285 3498 Ut,
318 3424 594 3502 dumteddantur,
621 3448 717 3506 super
742 3431 790 3492 his
817 3451 857 3491 ue
876 3431 958 3492 forte
979 3440 1167 3513 querantur.

226 3528 309 3607 Quin
324 3532 428 3613 ipsum
450 3534 594 3595 comitem
612 3536 712 3596 scelus
729 3536 789 3598 hoc
813 3537 949 3598 immane
964 3548 1142 3619 patrantem

223 3641 313 3703 Nulli
333 3641 494 3719 conmisit,
518 3662 615 3723 super
638 3645 723 3706 hunc
746 3647 929 3709 nullibene
949 3645 1034 3726 fidit3

144 3768 388 3785 q-2———n—

216 3832 268 3881 tos
298 3827 341 3881 die
360 3829 458 3883 lelaten
482 3835 563 3887 uorle
581 3816 739 3896 auaradlett,
765 3831 812 3889 der
830 3830 894 3886 recl.
913 3831 1000 3884 wollte
1018 3835 1163 3885 etwas'sn-
1250 3812 1268 3833 '¹

138 3915 214 3967 detes
232 3919 333 3968 setzen.

208 4011 345 4060 109·112
362 4006 498 4073 commisit,
515 4007 580 4072 ttdtt,
598 4010 686 4075 servit,
706 4017 793 4079 portat
810 4008 947 4066 anacolutlt
966 4009 1009 4064 liu
1025 4006 1162 4064 commise-

138 4096 188 4159 ris,
206 4095 311 4163 fitteris,
327 4095 463 4162 servieris,
481 4095 634 4166 portarem.
664 4116 670 4141 ι
704 4130 707 4135 -
