2640 4650
526 273 785 341 ecelsis,
1098 274 1162 341 245

229 515 330 573 Immo
353 505 542 590 peregrinis,
565 503 721 567 mendicis
744 514 837 584 atque
860 502 987 585 pupillis

230 623 292 681 Per
313 620 372 681 sibi
397 616 574 680 commissas
608 615 746 696 reliquas
769 613 943 675 discurrere
977 631 1077 676 curas.

229 727 277 788 Mi
299 748 375 790 vero
398 747 516 801 vacuo,
540 726 699 787 claustrali
720 745 843 786 carcere
866 736 953 805 septo

228 835 341 898 Acrem
362 833 548 896 mordebant
568 833 707 892 animum
731 832 923 891 monimenta
944 829 1095 911 priorum,

147 949 187 1003 60
229 944 464 1026 Flebilibusque
487 963 579 1020 vagas
603 941 784 1018 contingens
805 932 936 1001 vocibus
958 959 1050 1000 auras

153 1126 155 1135 y
227 1052 342 1114 Mo'esti
365 1052 408 1111 fel
438 1049 542 1113 cordis
565 1051 750 1131 reparabant
774 1067 862 1108 more
885 1043 1051 1123 medentis,

230 1162 347 1227 Partim
370 1161 524 1232 cauterio,
547 1158 657 1238 partim
682 1156 884 1216 medicamine
905 1178 999 1236 puro,
1094 1205 1096 1208 >

228 1271 401 1350 Imperiosa
423 1270 511 1348 prius
536 1264 654 1327 deflens
681 1264 834 1327 solamina
856 1266 966 1344 stulta3
995 1297 1005 1304 ‹-

231 1379 346 1440 Dicere
372 1398 434 1439 non
459 1389 618 1456 poteram,
641 1388 726 1458 tauta
747 1371 831 1455 quod
854 1386 958 1444 mente
983 1373 1165 1454 coquebam,

148 1494 187 1550 65
233 1487 297 1549 Ceu
323 1497 453 1547 truncus
476 1486 589 1546 sterilis
611 1485 703 1562 lignis
724 1484 882 1565 aequabar
905 1480 1031 1558 adustis,

228 1594 273 1656 Ac
298 1593 412 1654 misero
433 1590 551 1666 vitulo,
573 1589 704 1653 sudibus
727 1612 821 1673 quam
843 1609 936 1671 saepe
957 1590 1061 1670 ligato,

124 1716 125 1719 ’
229 1703 284 1783 lttt
301 1700 469 1764 consimilis
490 1712 615 1781 patrum
637 1701 784 1763 frenabar
806 1701 957 1778 habenis,

230 1812 328 1890 Cuius
351 1825 381 1873 et
404 1809 565 1875 historiam
586 1831 653 1872 non
674 1811 788 1892 simplo
809 1809 940 1879 stamine
963 1824 1080 1873 texam.
1104 1876 1106 1881 ,

184 1896 273 1990 Post
295 1929 487 2004 octingentos
509 1924 648 1997 domini,
665 1937 736 2005 post
758 1936 806 1985 ter
827 1937 940 2007 quater
961 1926 1071 2001 anuos,

145 2044 187 2097 70
230 2034 332 2114 Aprili
354 2053 459 2093 mense
480 2037 614 2111 paschae
633 2035 682 2093 bis
703 2034 835 2111 septima
856 2034 942 2108 luna,

230 2141 282 2204 sic
303 2139 382 2203 uixit
405 2140 522 2202 vitulus
544 2140 711 2218 Vosaginis
733 2139 875 2219 partibus
898 2141 987 2215 altus,

229 2251 274 2313 Ut
293 2251 409 2328 legitur
429 2246 551 2328 scriptis
572 2250 605 2308 in
630 2247 888 2330 praecedentibus
909 2250 981 2325 illis,

227 2362 362 2422 Annuus
384 2360 520 2420 existens
541 2357 694 2421 redeunte
716 2372 858 2438 tempore
879 2360 973 2422 veris.

227 2471 372 2561 qutores
398 2467 505 2531 ovium
527 2469 617 2529 multi
640 2467 785 2550 tardique
807 2469 930 2530 subulci
961 2507 989 2540 ¹.
1065 2534 1086 2541 .,

147 2585 187 2640 75
231 2576 312 2640 Cum
335 2597 426 2656 grege
448 2578 570 2640 foetoso
593 2590 737 2657 satagunt
759 2578 846 2641 exire
867 2579 1025 2658 gregatim,

228 2683 444 2768 custodesque
467 2688 564 2749 boum
587 2708 645 2748 nec
668 2706 733 2749 non
756 2698 899 2750 servator
918 2706 1084 2768 equorum.

118 2836 120 2839 v
229 2793 314 2856 Cura
335 2795 480 2873 pervigili
506 2795 581 2860 dum
603 2799 738 2859 lustrant
760 2816 877 2877 pascua
899 2795 1010 2876 campi,

230 2900 397 2965 Clauditur
422 2903 475 2964 ille
499 2903 604 2981 domi,
636 2909 745 2984 lugens
768 2905 829 2967 sibi
850 2905 929 2966 colla
950 2904 1049 2984 ligari,
1127 2967 1149 2984 ,-

226 3011 352 3073 ,Gaudia
373 3012 460 3072 nulla
479 3013 574 3088 ioris,
594 3015 679 3075 intus
701 3034 847 3094 pressura
868 3013 996 3090 doloris,

145 3125 186 3178 80
229 3116 269 3178 Et
291 3117 378 3198 quod
400 3120 471 3200 plus
492 3119 576 3196 istis,
599 3123 714 3183 absunt
735 3124 890 3184 consortia
912 3123 1041 3196 matris.⁴

139 3285 142 3293 ,
229 3225 332 3288 Triste
354 3239 401 3287 set
419 3228 586 3306 ingemuit,
611 3227 713 3293 cordis
738 3230 872 3309 suspiria
893 3231 995 3309 traxit,

229 3334 328 3413 Erigit
349 3334 389 3398 ad
413 3338 533 3399 coelum
556 3339 651 3400 facies
672 3351 766 3420 atque
786 3339 912 3402 invocat
932 3341 1047 3418 lesum,

228 3441 411 3506 Conclamat
431 3445 567 3510 lacrimis
586 3447 672 3514 ,binis
694 3447 875 3531 pariterque
896 3448 1024 3526 vicenis,

226 3551 271 3615 Ut
296 3568 400 3617 custos
422 3558 537 3618 stabuli
553 3545 655 3621 ¹solvat
675 3557 735 3620 sibi
755 3559 881 3630 uincula
902 3558 993 3623 colli:

145 3667 185 3722 8⁵
228 3662 335 3726 Ubere
360 3664 397 3726 de
422 3668 529 3730 ruanis
548 3689 676 3750 quoque
699 3681 799 3747 gustet
821 3667 933 3749 gaudia
953 3668 1052 3729 lactis.

227 3774 312 3837 Haec
336 3774 400 3837 duo
423 3776 575 3855 suspirat,
603 3798 684 3858 quae
707 3797 767 3856 per
787 3780 943 3842 contraria
965 3758 1079 3850 tornat,

230 3879 372 3963 Cumque
395 3896 527 3964 negatur
550 3883 625 3959 iter,
647 3882 817 3947 distentum
839 3887 961 3950 tollitur
984 3886 1071 3946 uber.

144 4002 413 4053 ...ῃ-ς...-
470 4014 472 4020 ·

218 4077 254 4126 58
273 4086 394 4135 metuero
415 4082 445 4150 As.
498 4085 532 4132 ot
555 4079 669 4133 lrcuatur
690 4082 719 4131 Α.
