2640 4650
146 268 212 336 378
540 255 788 332 vulsos·

93 394 96 399 .
154 391 252 402 —-——

254 496 326 558 194.
368 492 515 557 Tonnam
538 505 653 556 certate
677 495 815 573 volvere,

371 602 401 669 0
424 602 516 683 socii,
540 602 726 666 certissime:

374 710 421 774 Sit
444 710 596 773 fluctuum
625 712 822 793 praepositus

371 819 432 883 Hic
455 821 569 882 unibus
591 819 821 902 nequissimus.’

253 935 325 994 195.
365 929 402 990 ln
423 941 522 1009 ponto
545 929 626 991 salso
648 929 808 1010 mergitur,

368 1039 531 1119 Apotlteca
554 1037 722 1115 colliditur,

371 1147 548 1225 Subulcus,
572 1147 653 1221 hen,
677 1147 856 1222 conteritur,

371 1258 398 1318 A
421 1256 539 1318 cunctis
563 1256 767 1318 obliviscitur.

252 1367 323 1424 196.
363 1363 531 1426 Fatuitatis
559 1359 672 1424 divites

369 1475 448 1535 Tres
471 1461 658 1553 dersolvisse
680 1487 840 1552 compares

365 1580 552 1643 Existimant
574 1579 758 1647 novissimas

363 1696 519 1758 Uaibovis
544 1694 704 1775 exequias.

254 1811 326 1871 197.
371 1806 446 1866 Post
466 1802 543 1861 haec
571 1801 606 1859 in
629 1800 677 1860 die
697 1798 801 1875 tertia,

371 1907 546 1991 Sollempni
570 1921 675 1969 tamen
698 1906 786 1987 laria,

367 2020 560 2081 Visitaturus
590 2018 693 2080 fatuos

300 2130 305 2135 ’
365 2126 460 2190 Redit
482 2127 645 2206 magistros
674 2127 800 2187 unibus.

254 2240 326 2299 198.
368 2239 397 2300 11
419 2259 477 2318 per
499 2236 592 2301 villae
615 2235 814 2317 quadrivium

368 2347 493 2408 Tenens
514 2345 547 2406 iu
569 2344 681 2407 dextra
708 2346 865 2420 baculum,

363 2458 538 2518 Porcorum
559 2452 791 2515 multitudinem

365 2562 535 2625 Deducens
555 2571 628 2623 ante
651 2559 771 2623 laciem.

251 2675 322 2735 199.
365 2670 510 2735 Distente
534 2669 675 2754 prudens
700 2669 835 2746 bucinat,

367 2780 499 2844 Subulci
521 2800 610 2843 more
639 2780 753 2859 sibilat,

366 2891 467 2954 Rufos
492 2912 562 2952 cum
585 2890 685 2953 furvis
709 2901 868 2966 convocat,

368 3000 473 3060 Dente
497 2995 656 3060 laedentes
678 2998 810 3061 territat.

244 3115 319 3171 200.
362 3106 425 3183 Qui
447 3106 591 3182 viderant
613 3109 792 3184 unibovem,

366 3219 442 3297 Ejus
464 3217 609 3279 dicebant
630 3219 774 3295 similem,

365 3326 416 3389 De
440 3349 504 3410 quo
526 3329 609 3390 lama
632 3330 801 3404 volaverat,

359 3433 453 3510 Quod
476 3452 619 3502 mortuus
639 3443 700 3516 jam
724 3439 836 3500 luerat.

225 3549 300 3605 201.
353 3544 529 3609 Nuntiatur
558 3549 751 3629 praeposito,

364 3655 481 3733 Maiori
510 3676 581 3719 cum
607 3653 791 3736 presbitero.

366 3762 459 3839 Quod
482 3767 596 3828 unibus
616 3764 777 3840 revixerit,

363 3870 401 3931 ln
424 3884 522 3952 ponto
546 3873 601 3954 qui
631 3891 751 3934 mersus
781 3873 852 3934 tait.

240 3983 313 4040 202.
358 3981 436 4042 Tres
458 3980 504 4041 illi
526 3995 657 4061 surgunt
680 3980 806 4062 stupidi,

361 4091 489 4154 Famam
512 4090 672 4153 credentes
699 4087 821 4158 somnii,
