2640 4650
516 275 769 341 UNlBOS..
1075 277 1139 341 365

340 510 432 570 latius
455 509 588 570 sormam
611 506 754 581 feminae,

341 617 429 694 Quae
451 618 588 680 surrexit
609 617 643 677 iu
665 617 723 677 hac
746 613 809 677 die.

294 775 301 790 .
347 730 426 791 Ante
452 739 585 789 mortem
608 726 709 805 turpis
731 724 813 800 luit,¹

341 839 391 898 De
412 848 514 899 morte
536 838 668 918 pulchra
690 833 799 912 reditu

338 946 429 1009 Felix
450 967 534 1007 mors
557 965 638 1027 quac
660 942 855 1024 pulchrificat

292 1215 298 1229 .
343 1162 443 1239 Quam
468 1165 543 1224 felix
565 1181 661 1222 eontra
686 1162 829 1239 bucinae,

235 1303 237 1309 ¹
271 1286 278 1299 ‘
344 1274 414 1351 Qua
435 1285 630 1336 renovantur
650 1273 785 1333 vetulae.

344 1385 485 1466 Sponsae
508 1394 634 1445 nostras
657 1380 835 1465 decrepitae

341 1498 404 1556 Pro
426 1493 525 1555 multo
547 1493 629 1555 liunt
648 1504 800 1574 tempore.

294 1651 302 1669 .
345 1604 380 1667 Si
402 1623 460 1666 nos
482 1601 587 1665 divina
608 1602 709 1681 gratia

343 1715 526 1779 Honoraret
547 1713 606 1773 hac
628 1711 752 1787 bucina,

344 1822 566 1891 Occideremus
590 1825 747 1899 conjuges,

343 1936 423 1995 Prae
444 1935 530 2010 rugis
553 1931 753 1991 execrabiles.

296 2087 303 2104 .
346 2044 515 2102 Precemur
542 2038 723 2109 unibovem‚

346 2149 391 2212 Ut
411 2148 504 2210 nobis
524 2155 662 2228 praestet
682 2141 722 2203 ad
741 2144 851 2219 vicem,

344 2258 406 2320 Vel
428 2270 464 2319 ut
485 2253 600 2319 vendat
623 2255 704 2314 hanc
726 2254 882 2331 bucinam,
973 2308 976 2315 .

347 2366 436 2444 Quae
457 2380 581 2448 turpem
604 2362 686 2425 tollit
706 2363 871 2425 maculam.

296 2524 304 2542 .
349 2479 472 2540 Tubam
496 2489 647 2538 certemus
669 2491 783 2550 emere,

345 2587 390 2650 Ut
410 2607 540 2668 sponsas
563 2581 735 2648 interlicere

346 2696 420 2758 Uno
440 2696 595 2776 possimus
616 2704 759 2770 tempore

348 2802 515 2867 Ornandaa
539 2799 784 2882 pulchritudine.

274 2960 304 2977 ..
347 2913 427 2975 Cum
450 2910 609 2973 resonabit
629 2908 746 2970 bucina

345 3023 520 3101 Fugabitur
540 3039 625 3081 mors
648 3039 768 3098 aspera,

347 3131 434 3192 Sicut
455 3132 487 3190 in
512 3131 572 3190 lroc
593 3127 798 3208 probavimus

347 3241 514 3315 Examina,
538 3237 621 3320 quod
641 3234 786 3298 vidimus.

298 3351 313 3413 .’
348 3349 475 3412 Facturi
497 3367 604 3409 suums
626 3346 739 3407 alteras

347 3460 397 3520 Dc
418 3456 568 3520 redivivis
590 3453 727 3535 nuptias,

347 3566 527 3631 Offeramus
553 3565 719 3646 pecuniam

347 3674 392 3736 Ut
410 3675 502 3737 nubis
525 3672 639 3738 vendat
659 3671 827 3735 bucinam!

256 3788 308 3847 94.
352 3783 467 3848 Oblata
486 3803 600 3863 magno
622 3802 753 3842 munere

347 3896 472 3957 Tubam
493 3903 657 3955 merentur
678 3907 792 3951 emere.

198 4107 277 4167 92³
316 4104 341 4155 tu'
360 4102 417 4156 hac.
632 4105 678 4166 92,
697 4103 715 4152 4
751 4111 827 4166 quam
