2640 4650
187 260 248 327 uo
417 256 726 325 uooomno
770 254 971 347 singu-tu

183 388 263 396 —n--.
274 390 285 395 ..
299 386 329 395 ..0
340 388 349 394 .

187 495 246 557 145
289 495 365 557 Post
389 494 520 575 vigilans
542 495 657 575 surgit,
685 496 807 555 mulum
832 494 1030 578 laterumque
1050 500 1168 577 litbeit,

292 603 436 687 Cumque
459 606 573 688 quibus
597 605 693 668 voluit
718 602 884 683 adrogent
907 617 985 669 tune
1012 606 1192 692 equitavit.

287 716 397 777 Plures
416 727 584 777 occurrunt
607 724 638 775 et
659 715 687 775 ei
711 714 828 776 servire
848 712 1026 779 studebant.

289 822 391 899 Quem
415 825 496 884 bene
520 823 655 903 suscepit
676 843 733 884 rex
760 834 853 904 atque
881 822 990 886 sedere
1010 799 1158 909 rogavit.

295 933 358 1009 Qui
380 932 478 994 dixit:
501 932 656 1009 ‘domine‚
679 954 800 994 mecum
822 933 951 1012 dignere
971 936 1101 1017 venire,
1185 964 1188 969 ·

188 1053 248 1106 150
289 1046 329 1108 Ε1
350 1065 415 1106 non
441 1043 573 1105 abnuito
596 1064 675 1125 quae
698 1064 831 1104 mtuiera
854 1066 948 1126 parea
967 1045 1028 1109 tibi
1049 1046 1110 1125 do,

288 1262 446 1347 Quicquid
468 1275 655 1325 summatum
674 1261 714 1323 sit
734 1274 762 1323 et
783 1262 833 1324 bic
849 1262 978 1326 veniant
990 1283 1072 1343 rogo
1088 1265 1224 1329 tecum!

289 1374 357 1435 Rex
380 1375 438 1436 uit:
467 1372 509 1433 ‘id
534 1371 605 1434 liat)
648 1373 717 1433 Rex
740 1375 819 1433 alter
841 1372 933 1436 doma
953 1372 1085 1439 revisat.
1131 1408 1137 1419 ·

265 1482 450 1545 ‘Convocat
474 1484 530 1543 iste
560 1503 634 1544 suos
654 1493 827 1543 ⁴suinmates
853 1482 1102 1547 conveniendos.

190 1598 248 1657 155
295 1590 358 1666 Qui
381 1591 454 1652 ilum
477 1592 668 1654 conveniunt
699 1595 748 1653 vel
773 1612 878 1654 corum
907 1612 979 1672 rege
1001 1592 1179 1675 sederunt,

287 1700 332 1762 Ut
352 1722 420 1763 moe
444 1706 510 1777 ejus
535 1713 600 1760 erat
622 1720 764 1780 semper,
796 1699 961 1780 rogitando
983 1703 1134 1782 jubebat,

291 1806 364 1884 Quo
379 1830 454 1870 suus
475 1823 555 1870 esset
576 1810 806 1887 honorantium,
833 1830 927 1894 quam
947 1800 1083 1873 attinere
1098 1821 1220 1895 inajor,

291 1920 332 1981 Et
358 1920 436 1981 oiliil
457 1922 626 2000 acciperet,
648 1920 708 1983 sibi
732 1923 759 1982 si
780 1942 861 2004 quae
882 1940 940 1983 rex
962 1912 1043 1984 dare
1059 1923 1182 2005 vellet3

294 2030 353 2094 ‘Ne
376 2031 417 2094 sit
438 2050 517 2112 opus
540 2050 650 2092 census
673 2030 793 2110 [nobis,
810 2030 964 2110 videatur]
986 2042 1021 2092 ut
1041 2036 1128 2109 ejus.
1152 2028 1168 2067 '¹
1201 2052 1204 2057 ·

189 2148 250 2205 160
291 2141 418 2203 Mecum
451 2126 534 2203 nunc
555 2142 617 2216 ite,
637 2138 722 2222 quod
747 2159 804 2218 ego
827 2136 952 2215 faeiem,
979 2140 1128 2204 facitote?

293 2254 386 2314 Ibant
406 2270 476 2312 eum
498 2270 571 2330 rege
593 2250 729 2330 suscepti
752 2260 873 2312 suntet
894 2250 1036 2312 honeste.

293 2360 378 2421 Dum
402 2360 620 2431 consederunt,
648 2372 698 2423 ter
720 2357 943 2442 miscendoque
964 2358 1129 2436 biberunt,

71 2472 186 2545 totnb,
290 2468 486 2548 Rex'regem
508 2467 599 2531 eluxit
619 2489 741 2546 secum,
770 2488 850 2552 quoe
871 2469 981 2551 ireque
1008 2458 1100 2546 jussit

290 2576 327 2637 ln
348 2588 467 2639 curtem
496 2578 589 2638 letam
633 2623 641 2641 .
664 2623 672 2641 .
694 2623 702 2640 .
726 2624 734 2641 .
754 2578 781 2640 ie
797 2578 1140 2660 ·auipl1iprebenssm‚'
1196 2598 1199 2603 ·

189 2690 247 2747 165
290 2688 326 2748 ln
350 2708 414 2769 qua
434 2698 515 2749 etant
537 2708 663 2750 mensae
678 2687 767 2751 vario
789 2707 883 2749 censu
906 2689 1090 2765 cumulatae,

290 2795 325 2855 lo
349 2816 411 2877 qua
435 2808 518 2859 stant
538 2812 568 2861 et
588 2801 678 2883 equi,
705 2798 794 2862 decet
816 2812 849 2860 ut
870 2819 975 2878 regem
998 2799 1130 2875 falerati,

291 2902 380 2965 Stant
401 2907 494 2967 etiam
516 2909 593 2969 muli
601 2900 721 2987 ‚stant
746 2928 952 2990 enormesque
974 2909 1093 2986 cameli,

289 3011 378 3076 Stant
399 3029 429 3078 et
450 3029 499 3078 ter
518 3016 591 3079 deni
609 3019 698 3081 mites
720 3019 831 3098 onagri
850 3016 1032 3100 domitique,
1092 3090 1096 3101 1

290 3123 380 3189 Stant
405 3140 436 3189 et
457 3130 612 3191 terribiles
637 3114 781 3210 leopardi
803 3112 868 3193 sive
889 3131 1007 3203 leones,

186 3239 248 3293 170
291 3234 361 3298 Stae
383 3249 414 3299 et
435 3238 578 3300 inaurata
600 3260 780 3314 connexus,
798 3241 907 3321 lynce,
928 3252 1045 3315 catena,

289 3342 387 3405 Simia
409 3366 479 3406 eum
502 3361 581 3409 catto
603 3360 662 3409 stat
683 3338 790 3429 ibique
813 3347 934 3427 mariun
958 3347 1060 3425 ligata·
1083 3336 1089 3377 ·'

261 3448 379 3514 ‘Stant
400 3456 467 3515 ursi
487 3459 605 3535 gemini·
621 3458 725 3516 ¹multo
756 3455 928 3517 variamine
950 3453 1027 3520 ludi.

290 3558 376 3636 Quin
394 3562 439 3625 ibi
461 3580 534 3630 eunt
556 3581 585 3628 et
604 3585 677 3629 aves
698 3548 864 3625 bominum
885 3552 1029 3628 sermone
1049 3562 1205 3643 fauentes,

287 3666 449 3731 Peituchu's
472 3686 502 3736 et
525 3694 649 3750 corvus,
669 3658 847 3751 monedula,
868 3673 978 3754 pieove
999 3658 1137 3734 etunius.

185 3779 245 3836 175
288 3772 379 3840 Tunc
400 3778 462 3842 ait:
484 3783 571 3846 ‘haec
593 3782 741 3845 donatus
755 3782 830 3907 siqt,
849 3804 908 3845 rex
929 3783 1057 3863 optime,
1078 3793 1203 3863 ennete,

181 3928 468 3944 Ἤ*

254 4020 304 4071 151
325 4019 424 4072 sebelnt
440 4017 593 4095 abeiobtliob
619 4012 791 4089 getilgt'iom
813 4018 940 4074 verieeser
964 4008 1053 4072 solbet¹
1080 4014 1083 4019 ’

255 4113 305 4163 tte
324 4112 389 4166 lebet·
406 4109 549 4166 monedula
566 4111 609 4166 die
627 4114 716 4179 gloeee
741 4111 818 4167 eata,
1034 4116 1038 4123 '
