2640 4650
293 289 524 360 osthus
562 288 636 354 ΕΤ
671 287 910 354 VULPES.
954 277 962 286 ‘
1042 283 1106 350 347

93 404 656 432 ...-.---—-—-—---

312 520 351 581 Et
376 520 526 581 simulans
554 517 739 581 miraculum
826 599 828 603 ,

314 627 380 690 Nec
404 631 498 690 habet
521 629 603 690 ultra
626 627 783 708 spiritum.

221 737 273 801 14.
314 736 465 818 Suspiriis
488 737 673 812 concutitur,

289 893 292 898 ,
312 848 378 908 Vix
397 843 524 908 tandem
553 842 679 907 demum
703 845 853 927 loquitur,

310 957 434 1018 Affectu
456 974 587 1036 quoque
612 951 718 1031 debili,

315 1064 413 1141 Quasi
436 1066 516 1125 fessa
537 1065 588 1139 sit,
609 1063 739 1142 incipit:

219 1177 270 1236 15.
314 1171 409 1232 ‘Haec
432 1168 558 1231 credere
580 1171 650 1249 quis
672 1170 797 1248 poterit,

309 1257 381 1342 Nisi
404 1264 473 1341 uisu
496 1254 702 1358 probaverit?

308 1389 378 1450 Hoc
400 1385 484 1447 auris
516 1385 542 1446 si
574 1384 718 1458 audierit,

309 1493 359 1556 Ad
381 1492 475 1554 fidem
499 1514 663 1575 nunqnam
696 1492 821 1556 sufficit.

221 1609 272 1665 16.
314 1604 422 1684 Ipsum
443 1615 564 1683 petrem
590 1605 806 1682 praecelleres,
875 1610 889 1616 ‘

304 1713 339 1775 Si
363 1726 486 1775 tantum
516 1733 612 1773 unum
634 1719 796 1792 jungeres:

308 1822 456 1885 Gemellis
478 1833 514 1883 ut
540 1821 714 1893 luminibus

306 1930 426 1990 Pressis
448 1917 579 1989 saliares
598 1930 710 1991 altius-²

214 2038 266 2094 17.
307 2032 501 2115 Hucusque
526 2033 625 2109 gallus
648 2033 769 2111 positus

305 2141 342 2201 In
371 2141 534 2220 prosperis
560 2142 753 2202 successibus

308 2248 376 2309 Jam
398 2247 485 2310 dabit
511 2248 714 2328 exemplaria,

308 2355 394 2432 Quid
417 2357 559 2419 conferat
588 2359 744 2433 jactantis.

220 2473 271 2528 18.
312 2444 402 2528 Tunc
424 2464 532 2528 eadem
553 2467 752 2548 reciprocans

306 2573 399 2653 Quae
416 2580 479 2654 jam
503 2586 693 2638 monstrarat
718 2578 869 2658 saltitans,

306 2683 451 2758 Ostentat
471 2682 546 2745 dum
569 2683 756 2764 prodigium,

306 2783 468 2873 Expertus'
490 2803 537 2854 est
557 2790 740 2856 ludibrium.

136 2975 146 3000 Ι
213 2904 264 2963 19.
305 2900 389 2963 Nam
411 2901 500 2964 exilit
524 2901 696 2981 inserent

306 3010 482 3094 Utramque
503 3009 651 3074 claudens
677 3013 784 3076 aciem.

306 3103 408 3191 Quem
431 3119 542 3199 vulpes
568 3140 660 3182 cursu
683 3121 780 3184 subiit

304 3227 345 3288 Et
371 3248 425 3290 ore
448 3227 539 3290 hians
562 3230 704 3311 suscipit.

213 3339 267 3408 20.
310 3333 380 3395 Hoc
403 3339 504 3414 gallus
525 3339 704 3401 infortunio

301 3437 402 3503 'Pristi
425 3445 525 3506 fertur
539 3445 702 3507 uehiculo.

305 3548 401 3610 Acres
421 3552 516 3614 vicini
538 3553 678 3614 sentiunt

301 3654 342 3714 Et
364 3660 479 3720 celeres
507 3674 580 3738 post
606 3665 745 3723 irruunt.

210 3762 263 3819 21.
307 3757 451 3826 Clamore
473 3769 632 3846 complent
653 3768 779 3830 nubila:

299 3867 436 3934 ‘Gallum
459 3873 539 3936 tollit
564 3872 749 3955 vulpecula!

76 4010 368 4031 Μ

145 4093 187 4152 16,
206 4095 222 4141 3
243 4095 393 4156 gaurellis.
