2640 4650
285 727 334 781 12.

545 257 771 324 UNIBOS.

376 494 479 574 Super
500 493 633 568 jumenti
652 494 794 558 sellulam

376 607 473 670 Ponit
494 605 575 668 vitae
599 603 755 668 fiduciam.

378 717 427 779 Ad
450 717 555 777 forum
582 714 768 795 postliminii
879 710 885 723 ⁸

375 826 473 888 Bovis
494 825 555 886 fert
575 825 689 906 pellem
711 828 838 902 mortui,

379 935 452 997 Non
475 932 578 995 tardat
600 953 633 995 ae
654 954 713 1014 per
734 947 856 997 sanctae

378 1042 463 1103 Dum
490 1042 617 1104 festinat
637 1040 677 1103 ad
698 1043 867 1105 nundinae.

329 1199 338 1216 .
382 1150 443 1214 Sed
469 1164 504 1213 ut
526 1152 623 1212 intrat
643 1153 817 1232 emporium

381 1261 469 1322 Facit
491 1263 599 1323 venale
624 1262 753 1336 corium,

376 1369 470 1446 Quod
493 1383 583 1450 putat
605 1372 711 1448 magni
737 1372 831 1450 pretii

375 1482 460 1542 Sicut
482 1480 625 1542 decorem
648 1480 745 1560 pallii.

325 1637 333 1652 .
375 1590 545 1671 Participes
567 1590 745 1652 commercii

377 1699 586 1780 capacitatem
610 1699 688 1760 corii

375 1806 496 1869 Pedum
518 1820 703 1868 mensurant
723 1805 864 1866 terminis

378 1916 530 1978 Sutorum
552 1914 748 1977 testimoniis.

328 2072 336 2087 .
378 2024 558 2089 Unibovem
588 2024 694 2086 nultus
714 2028 812 2102 juvat,

378 2135 472 2198 Solue
497 2136 610 2213 pellem
637 2131 820 2214 magnificat,

374 2246 436 2309 Pro
460 2243 596 2306 nummis
619 2256 690 2306 octo
712 2242 850 2304 tunicam

376 2356 473 2418 Bovis
499 2354 631 2432 largitur
653 2350 823 2414 sordidam.

324 2509 332 2526 .
375 2466 451 2525 Post
471 2464 630 2543 expletum
657 2459 879 2521 commercium

373 2568 522 2635 Accendit
545 2576 720 2648 jumentum
742 2588 844 2642 etrum,

374 2683 521 2744 Distento
546 2693 655 2743 ventre
675 2676 846 2760 turgidum,

375 2791 559 2852 Retroraum
581 2788 732 2853 vertendo
753 2787 894 2868 gradum.

325 2941 333 2959 .
376 2901 484 2962 Unum
508 2901 627 2962 itabens
650 2911 830 2978 argenteum

376 3010 476 3071 Intrat
497 3012 602 3071 lucum
627 3006 847 3082 frondiferum,

376 3113 441 3191 Qui
465 3114 538 3177 dum
562 3116 679 3177 ventris
700 3126 813 3195 purgat
836 3111 946 3173 limum

374 3222 580 3285 Nummatum
601 3222 697 3282 trahit
721 3220 878 3281 meritum.

327 3374 335 3392 .
375 3331 481 3392 Anum
508 3326 581 3390 dum
605 3343 703 3392 certat
723 3342 853 3408 tergere,

378 3438 518 3499 Herbam
540 3439 667 3502 festinat
688 3457 845 3518 rumpere,

376 3545 439 3608 Sed
461 3547 590 3610 herbam
611 3549 730 3613 vellens
751 3542 889 3624 repperit

378 3650 471 3728 Quod
495 3678 570 3737 geno
591 3674 685 3716 avara
708 3651 816 3730 diligit.

323 3807 330 3823 .
374 3764 424 3826 De
446 3765 581 3828 nummio
600 3774 664 3824 tres
683 3762 837 3826 sextarios

375 3874 456 3939 Mox
479 3870 611 3937 offendit
630 3872 840 3947 absconditos,

272 4064 277 4071 .
377 3979 466 4058 Quot
485 3982 518 4041 in
542 3982 684 4044 flaccenti
704 3983 827 4043 sacculo

373 4089 468 4154 Ponit
488 4109 560 4152 mox
584 4085 666 4153 facto
685 4088 821 4172 turgido.
