2640 4650
368 280 674 359 BUODLIEB
719 280 838 376 tregue
854 282 913 354 tlt.
1082 286 1145 356 157

240 521 362 586 Sanctis
383 521 556 584 committes
576 519 639 582 illie
661 532 708 598 te,
730 521 782 584 vel
802 515 979 582 benedices.

132 640 193 697 515
238 631 290 696 Sie
311 633 367 694 ubi
388 633 549 714 pulsetur,
570 641 626 692 eut
646 631 673 691 si
696 650 761 712 quo
780 628 873 692 misse
894 640 1031 705 canetur,

236 738 415 803 Deseeudus=
435 741 476 801 eb
499 759 581 822 equo
603 720 733 803 curreris
754 737 894 801 velocius
912 735 978 812 ilio,

236 850 433 914 Kettholicee
455 847 524 931 paci
548 867 612 930 quo
635 847 734 929 pessis
753 845 945 926 participari.
1018 833 1020 837 ’

234 957 304 1018 Hoc
324 959 386 1018 iter
403 958 480 1019 haut
501 959 627 1035 longit,
655 954 779 1036 penitus
805 953 864 1014 tibi
885 951 961 1035 quin
984 952 1150 1043 breviabit,
1236 950 1239 962 '

235 1067 348 1127 Tutius
369 1079 400 1128 et
419 1064 527 1139 vedis,
550 1066 672 1125 hostem
694 1064 800 1123 minus
822 1075 916 1144 etque
935 1061 1069 1124 timebis.
1084 1097 1128 1110 -

131 1170 406 1261 52011)Abneito
425 1163 616 1255 numquam}
641 1172 667 1232 si
683 1185 715 1233 te
737 1191 849 1250 cogens
865 1172 962 1235 home
982 1170 1149 1255 quisquam

237 1281 313 1347 Oret
333 1303 441 1344 enuere
462 1280 507 1362 pii
527 1279 645 1357 jejunis
666 1280 810 1360 frangere
834 1280 960 1358 Christi,

237 1391 312 1452 Non
333 1412 370 1452 eu
393 1410 464 1450 nem
482 1387 616 1466 frangis,
639 1407 695 1449 sue
717 1387 771 1451 sed
793 1387 938 1452 mandate
951 1391 1149 1472 replebis.-

73 1561 81 1572 ,
165 1497 220 1581 12)
242 1497 276 1561 Si
295 1498 352 1560 tibi
376 1499 437 1560 sint
456 1509 576 1578 segetes
595 1516 697 1578 prope
718 1498 837 1577 pluteus
855 1496 1023 1576 generales,
1040 1508 1043 1513 '

236 1609 322 1671 ΝοιιΙ
334 1607 429 1670 facias
450 1608 568 1680 fessas,
588 1625 777 1688 progressus·
796 1605 958 1670 ulteriores
980 1640 984 1649 ,

131 1712 193 1780 525
236 1719 273 1780 lu
295 1729 362 1781 sete
384 1738 425 1781 ne
444 1716 539 1792 fiant,
560 1736 634 1777 uem
657 1715 756 1778 fossas
778 1712 971 1778 circueundo
995 1794 999 1808 ι

236 1827 340 1889 Strata
361 1827 397 1890 fit
418 1828 576 1910 utrimque
599 1846 656 1907 per
679 1826 796 1889 siecum
818 1838 910 1905 gente
931 1835 1072 1901 meente3

236 1936 271 1999 st
293 1958 357 2000 nou
375 1935 524 2013 sedisses,
543 1933 691 1997 denirium
712 1935 818 1996 minus
831 1931 1153 1997 hinehabutssest-

236 2045 322 2105 Dum
331 2064 395 2115 ¹rex
415 2042 564 2105 conticuit
585 2043 738 2121 sapientie
758 2043 920 2122 verbaque
938 2039 1018 2117 finit,
1151 2062 1266 2124 some·

145 2134 149 2141 ¹
240 2151 343 2212 Ambo
365 2147 551 2229 prodibunt,
570 2168 629 2208 rex
653 2148 750 2230 inque
773 2148 890 2209 throno
910 2144 1076 2226 residebat,

135 2265 199 2322 550
241 2259 280 2320 Et
301 2255 410 2319 laudet
431 2254 548 2319 cuneus
570 2255 718 2319 virtutem
739 2255 846 2318 militis¹
866 2259 945 2335 ejus.

238 2366 375 2429 Eceutru
400 2363 745 2427 ururmur'leudentum
766 2343 1002 2446 multiplicetur.

237 2471 301 2550 Qui
322 2485 423 2554 gretes
442 2474 508 2555 regi
531 2475 650 2556 populo
671 2474 827 2537 referebat
848 2485 882 2534 et
899 2471 999 2535 omni.

130 2633 133 2639 .
237 2585 306 2647 Rex
328 2584 389 2647 aits
415 2584 470 2648 ‘ito
494 2581 623 2672 domum
646 2596 828 2647 cunctorum
851 2583 964 2664 pieuus
983 2580 1150 2661 hessorum,

236 2696 341 2778 Atque
363 2691 441 2758 vide
456 2706 589 2757 matrem
606 2705 770 2776 totenrque
791 2704 878 2754 tuem
902 2672 1117 2773 periterreni,

132 2809 194 2868 535
238 2802 274 2869 Si
295 2816 384 2886 potes
405 2804 440 2866 in
460 2803 562 2886 patrie
582 2815 686 2873 temen
709 2821 776 2865 esse
797 2806 852 2864 tue
872 2803 958 2865 vetut
979 2800 1067 2878 totu·

65 2908 67 2912 ’
199 2964 202 2969 .
238 2910 368 2975 Solvere
388 2912 478 2994 sique
500 2911 598 2974 velint
621 2909 742 2974 domiui
764 2930 845 2994 quse
866 2910 997 2993 polliciti
1018 2924 1103 2976 sunt.

244 3015 309 3093 Qui
329 3019 357 3081 si
376 3019 486 3081 fallant
504 3031 557 3094 te,
579 3018 667 3083 decet
686 3031 722 3082 ut
744 3021 896 3083 fallentur
917 3017 946 3083 et
963 3040 988 3083 ‘e
1010 3034 1051 3098 te,

103 3178 107 3191 ,
148 3158 152 3163 <
243 3125 311 3191 Nee
336 3126 495 3213 isurute'ris
513 3127 558 3188 eis
580 3129 694 3199 totiens
723 3125 850 3192 delusus
873 3131 912 3192 eb
938 3128 1010 3193 iilis.

131 3257 134 3264 ·
218 3234 329 3301 :Noui
348 3233 463 3301 servito
485 3236 689 3318 perconteris
711 3249 764 3300 sut
783 3238 963 3302 inhoneste
1040 3250 1044 3269 ³

136 3347 199 3409 sto
242 3343 277 3408 Si
292 3345 544 3424 tibieeutiugst,
565 3346 781 3412 entmustuu·
800 3347 885 3410 trude
909 3346 1039 3423 vecillet

242 3449 386 3528 Tesde'et
403 3465 439 3516 ut
460 3453 579 3535 patriae
600 3457 748 3536 propriae
767 3471 817 3530 te,
839 3457 869 3519 si
891 3456 1006 3539 repetis
1029 3470 1088 3533 me,

238 3561 385 3643 Ejusdem
406 3565 492 3628 veile·
508 3576 669 3629 eou'trute
690 3544 850 3647 repperies
867 3586 927 3643 me,

127 3754 130 3759 ‚
207 3669 314 3765 ¹Qut>
336 3692 423 3736 nune
439 3672 472 3739 'ts
492 3675 625 3758 linque:
662 3672 794 3743 dubium
816 3695 880 3738 non
903 3674 998 3754 husius
1020 3673 1154 3739 hebeto?
1254 3700 1258 3705 ·

99 3760 108 3772 ’
238 3779 314 3846 Post
335 3793 449 3869 uiseret
468 3779 566 3862 digito
586 3802 664 3863 pree
687 3802 720 3843 ee
741 3781 836 3845 stsuti
857 3783 1086 3865 paranympho,

138 3891 202 3952 545·
241 3888 282 3952 Et
304 3885 370 3954 sibi
385 3889 529 3968 secretim
551 3889 590 3952 de
613 3898 866 3955 more'eusurret
887 3891 919 3952 iu
942 3906 1060 3965 eurem,

240 3999 376 4062 tuuc-ut
395 4019 487 4082 peres
511 4000 700 4060 camerarius
726 4000 834 4063 efferet
855 4001 935 4078 iiiss,

138 4089 143 4099 ⁵
241 4108 278 4169 In
297 4108 418 4192 quibus·
432 4100 584 4189 hi'penes
604 4108 730 4171 tuerent
749 4111 836 4172 ietue
858 4100 1040 4187 teeuptetis}
