2640 4650
152 242 219 312 368
550 229 777 317 UNIBOS.

261 470 332 529 ιιι,
375 455 533 532 Quantum
553 460 648 520 tubae
666 462 845 527 concauus

373 569 510 628 Tantum
532 567 660 648 prodest
682 572 867 654 ventositas3

373 676 416 738 Ut
436 678 551 739 revixit
571 681 755 761 presbytera

374 786 425 850 Sic
447 789 585 849 surrexit
605 788 793 870 praeposita.

301 945 332 961 ..
374 898 481 973 Major
502 897 594 958 villae
617 917 681 958 uon
704 909 751 960 est
772 899 879 964 minor

372 1009 408 1068 Iu
431 1017 520 1066 reatu
530 1048 547 1094 ,³
564 1007 591 1065 si
610 1007 739 1084 tardior,
782 1044 797 1083 ,-

375 1112 438 1189 Qui
458 1134 593 1196 sponsas
609 1115 704 1179 risam
728 1117 876 1199 dissipat,

373 1222 436 1298 Qui
459 1225 605 1300 bucinat,
629 1246 693 1287 non
717 1229 854 1288 suscitat.
936 1272 940 1277 -

324 1378 333 1397 .
374 1335 454 1395 Tres
476 1335 622 1412 gabalae,
644 1348 706 1396 tres
729 1350 868 1399 mortuae
904 1368 907 1373 >

372 1446 615 1529 Praeseruautur
643 1447 798 1521 ecclesiae,

371 1549 450 1615 Orto
474 1554 555 1613 tristi
578 1551 720 1616 diluculo.
770 1601 776 1609 -

373 1663 452 1724 Cum
474 1663 601 1740 lugubri
625 1664 811 1742 spectaculo.
878 1648 886 1657 „

322 1819 330 1834 .
374 1768 571 1850 Sponsorum
594 1773 653 1829 sub
679 1770 802 1830 insania

371 1881 569 1941 lniossantur
594 1878 754 1954 cadavera,

370 1988 448 2048 Tres
472 1986 666 2047 occullaulur
689 1993 833 2066 coniuges

370 2099 431 2158 Per
452 2096 581 2157 threnos
606 2097 832 2158 lamentabiles.

277 2263 280 2267 .
320 2251 328 2267 .
372 2202 575 2265 Discedeuies
598 2228 618 2266 a
639 2207 766 2285 tumulis

369 2316 406 2375 In
428 2313 606 2395 profundis
617 2315 760 2395 suspiriis

366 2426 446 2484 Tres
468 2437 632 2483 susurrant
653 2424 691 2483 ad
714 2426 863 2487 invicem:

368 2528 563 2594 ‘occidamus
587 2528 774 2592 uuibovem!

318 2688 326 2704 .
370 2637 433 2714 Qui
455 2661 546 2720 gazas
569 2650 692 2701 nostras
707 2641 848 2717 sustulit,

369 2747 441 2807 Suis
460 2747 566 2808 verbis
592 2768 650 2809 nos
671 2748 807 2825 tradidit,

368 2857 453 2917 Dum
480 2856 557 2922 dixit
577 2863 778 2935 juvenescere

367 2966 455 3028 Anus
476 2970 595 3045 mugitu
620 2968 765 3028 bucinae.

316 3123 325 3140 .
368 3078 488 3139 Auctor
508 3078 587 3137 tauri
608 3077 743 3157 periculi·

366 3187 394 3246 A
416 3185 507 3247 nobis
529 3185 628 3265 possit
649 3186 778 3259 conteri,

367 3296 441 3373 Ejus
463 3292 589 3356 invadat
610 3295 758 3356 verticem

368 3409 482 3466 Amara
512 3425 595 3466 mors
618 3403 819 3482 ignobilemi’

251 3520 322 3577 118.
366 3516 482 3574 Mentis
504 3515 652 3575 commoti
671 3512 816 3574 fluctibus

369 3620 417 3683 Ad
437 3643 523 3682 arma
545 3630 675 3682 currunt
696 3624 849 3702 prolinus,

365 3732 521 3793 Artificem
546 3734 701 3794 versutiae

368 3839 508 3904 Occisuri
530 3841 705 3903 durissime.

168 4072 171 4079 '
216 4072 266 4119 113
303 4070 385 4122 ueheu
404 4069 515 4136 gebulae
534 4071 603 4122 steht
623 4074 663 4123 ein
683 4074 702 4123 s.
