<?xml version="1.0" encoding="UTF-8"?>
<!DOCTYPE html PUBLIC "-//W3C//DTD XHTML 1.0 Transitional//EN"
    "http://www.w3.org/TR/xhtml1/DTD/xhtml1-transitional.dtd">
<html xmlns="http://www.w3.org/1999/xhtml" xml:lang="en" lang="en">
 <head>
  <title>
</title>
<meta http-equiv="Content-Type" content="text/html;charset=utf-8" />
  <meta name='ocr-system' content='tesseract 3.04.00' />
  <meta name='ocr-capabilities' content='ocr_page ocr_carea ocr_par ocr_line ocrx_word'/>
</head>
<body>
  <div class='ocr_page' id='page_1' title='image "./lateinischegedi00schmgoog/lateinischegedi00schmgoog_0335.png"; bbox 0 0 2640 4650; ppageno 0'>
   <div class='ocr_carea' id='block_1_1' title="bbox 518 289 1161 358">
    <p class='ocr_par' dir='ltr' id='par_1_1' title="bbox 518 289 1161 358">
     <span class='ocr_line' id='line_1_1' title="bbox 518 289 1161 358; baseline 0.008 -5"><span class='ocrx_word' id='word_1_1' title='bbox 518 289 774 356; x_wconf 74' lang='lat' dir='ltr'>noatsls.</span> <span class='ocrx_word' id='word_1_2' title='bbox 1093 293 1161 358; x_wconf 78' lang='lat'>265.</span> 
     </span>
    </p>
   </div>
   <div class='ocr_carea' id='block_1_2' title="bbox 147 411 370 422">
    <p class='ocr_par' dir='ltr' id='par_1_2' title="bbox 147 411 370 422">
     <span class='ocr_line' id='line_1_2' title="bbox 147 411 370 422; baseline -0.013 0"><span class='ocrx_word' id='word_1_3' title='bbox 147 411 370 422; x_wconf 78' lang='lat'>--—-—--—-=</span> 
     </span>
    </p>
   </div>
   <div class='ocr_carea' id='block_1_3' title="bbox 146 517 1238 2419">
    <p class='ocr_par' dir='ltr' id='par_1_3' title="bbox 146 517 1238 2419">
     <span class='ocr_line' id='line_1_3' title="bbox 249 517 982 600; baseline -0.001 -20"><span class='ocrx_word' id='word_1_4' title='bbox 249 520 385 600; x_wconf 84' lang='lat' dir='ltr'>Impiger</span> <span class='ocrx_word' id='word_1_5' title='bbox 406 519 535 596; x_wconf 88' lang='lat' dir='ltr'>ericius,</span> <span class='ocrx_word' id='word_1_6' title='bbox 557 517 715 582; x_wconf 89' lang='lat' dir='ltr'>condenso</span> <span class='ocrx_word' id='word_1_7' title='bbox 738 519 851 580; x_wconf 85' lang='lat' dir='ltr'>vellere</span> <span class='ocrx_word' id='word_1_8' title='bbox 875 530 982 592; x_wconf 87' lang='lat' dir='ltr'>tectus,</span> 
     </span>
     <span class='ocr_line' id='line_1_4' title="bbox 247 610 1238 707; baseline 0 -20"><span class='ocrx_word' id='word_1_9' title='bbox 247 629 347 691; x_wconf 84' lang='lat' dir='ltr'><strong>Poma</strong></span> <span class='ocrx_word' id='word_1_10' title='bbox 369 632 479 706; x_wconf 85' lang='lat' dir='ltr'>vehat,</span> <span class='ocrx_word' id='word_1_11' title='bbox 508 626 650 690; x_wconf 88' lang='lat' dir='ltr'>miranda</span> <span class='ocrx_word' id='word_1_12' title='bbox 671 639 775 705; x_wconf 89' lang='lat' dir='ltr'>canat,</span> <span class='ocrx_word' id='word_1_13' title='bbox 801 625 854 688; x_wconf 89' lang='lat' dir='ltr'>sed</span> <span class='ocrx_word' id='word_1_14' title='bbox 882 626 1032 706; x_wconf 84' lang='lat' dir='ltr'>amigdala</span> <span class='ocrx_word' id='word_1_15' title='bbox 1055 640 1163 707; x_wconf 82' lang='lat' dir='ltr'>ponat.</span> <span class='ocrx_word' id='word_1_16' title='bbox 1233 610 1238 620; x_wconf 47' lang='lat'><strong><em>¹</em></strong></span> 
     </span>
     <span class='ocr_line' id='line_1_5' title="bbox 250 735 1041 818; baseline 0 -22"><span class='ocrx_word' id='word_1_17' title='bbox 250 739 354 818; x_wconf 84' lang='lat' dir='ltr'><strong>Atque</strong></span> <span class='ocrx_word' id='word_1_18' title='bbox 375 758 471 798; x_wconf 90' lang='lat' dir='ltr'>nuces</span> <span class='ocrx_word' id='word_1_19' title='bbox 493 739 583 799; x_wconf 87' lang='lat' dir='ltr'>corili</span> <span class='ocrx_word' id='word_1_20' title='bbox 604 736 666 795; x_wconf 92' lang='lat' dir='ltr'>sint</span> <span class='ocrx_word' id='word_1_21' title='bbox 688 757 813 796; x_wconf 78' lang='lat' dir='ltr'>mensae</span> <span class='ocrx_word' id='word_1_22' title='bbox 835 735 963 814; x_wconf 88' lang='lat' dir='ltr'>largiter</span> <span class='ocrx_word' id='word_1_23' title='bbox 982 737 1041 812; x_wconf 89' lang='lat' dir='ltr'>isti,</span> 
     </span>
     <span class='ocr_line' id='line_1_6' title="bbox 146 835 1108 927; baseline 0.001 -24"><span class='ocrx_word' id='word_1_24' title='bbox 146 849 207 904; x_wconf 87' lang='grc'>660</span> <span class='ocrx_word' id='word_1_25' title='bbox 251 843 378 927; x_wconf 87' lang='lat' dir='ltr'>Squirio</span> <span class='ocrx_word' id='word_1_26' title='bbox 398 866 493 927; x_wconf 88' lang='lat' dir='ltr'>quam</span> <span class='ocrx_word' id='word_1_27' title='bbox 516 835 631 907; x_wconf 87' lang='lat' dir='ltr'>nobilis</span> <span class='ocrx_word' id='word_1_28' title='bbox 653 844 799 924; x_wconf 77' lang='lat' dir='ltr'>compilet</span> <span class='ocrx_word' id='word_1_29' title='bbox 820 845 949 924; x_wconf 89' lang='lat' dir='ltr'>pomula</span> <span class='ocrx_word' id='word_1_30' title='bbox 968 843 1108 924; x_wconf 62' lang='lat' dir='ltr'>glandis?</span> 
     </span>
     <span class='ocr_line' id='line_1_7' title="bbox 590 953 1128 1013; baseline -0.002 -1"><span class='ocrx_word' id='word_1_31' title='bbox 590 953 712 1013; x_wconf 88' lang='lat' dir='ltr'>ericius.</span> <span class='ocrx_word' id='word_1_32' title='bbox 1127 975 1128 978; x_wconf 43' lang='lat'>¹</span> 
     </span>
     <span class='ocr_line' id='line_1_8' title="bbox 249 1057 1129 1142; baseline -0.002 -21"><span class='ocrx_word' id='word_1_33' title='bbox 249 1057 337 1135; x_wconf 85' lang='lat' dir='ltr'>‘Quis</span> <span class='ocrx_word' id='word_1_34' title='bbox 360 1060 417 1122; x_wconf 90' lang='lat' dir='ltr'>tibi</span> <span class='ocrx_word' id='word_1_35' title='bbox 441 1062 491 1124; x_wconf 92' lang='lat' dir='ltr'>vel</span> <span class='ocrx_word' id='word_1_36' title='bbox 516 1057 641 1142; x_wconf 82' lang='lat' dir='ltr'>qualis?</span> <span class='ocrx_word' id='word_1_37' title='bbox 663 1060 766 1138; x_wconf 86' lang='lat' dir='ltr'>magni</span> <span class='ocrx_word' id='word_1_38' title='bbox 789 1079 857 1120; x_wconf 90' lang='lat' dir='ltr'>sum</span> <span class='ocrx_word' id='word_1_39' title='bbox 880 1072 970 1137; x_wconf 89' lang='lat' dir='ltr'>gente</span> <span class='ocrx_word' id='word_1_40' title='bbox 994 1059 1129 1136; x_wconf 87' lang='lat' dir='ltr'>Catonis,</span> 
     </span>
     <span class='ocr_line' id='line_1_9' title="bbox 248 1167 962 1246; baseline -0.006 -15"><span class='ocrx_word' id='word_1_41' title='bbox 248 1171 300 1231; x_wconf 85' lang='lat' dir='ltr'>Ex</span> <span class='ocrx_word' id='word_1_42' title='bbox 323 1172 419 1232; x_wconf 81' lang='lat' dir='ltr'>atavis</span> <span class='ocrx_word' id='word_1_43' title='bbox 441 1171 536 1246; x_wconf 87' lang='lat' dir='ltr'>longo</span> <span class='ocrx_word' id='word_1_44' title='bbox 562 1170 588 1228; x_wconf 90' lang='lat' dir='ltr'>si</span> <span class='ocrx_word' id='word_1_45' title='bbox 611 1167 697 1227; x_wconf 90' lang='lat' dir='ltr'>ducis</span> <span class='ocrx_word' id='word_1_46' title='bbox 719 1177 877 1226; x_wconf 84' lang='lat' dir='ltr'>stemmata</span> <span class='ocrx_word' id='word_1_47' title='bbox 898 1167 962 1244; x_wconf 88' lang='lat' dir='ltr'>filo,</span> 
     </span>
     <span class='ocr_line' id='line_1_10' title="bbox 251 1275 1093 1353; baseline -0.005 -16"><span class='ocrx_word' id='word_1_48' title='bbox 251 1279 362 1339; x_wconf 74' lang='lat' dir='ltr'>Dirces</span> <span class='ocrx_word' id='word_1_49' title='bbox 385 1299 434 1338; x_wconf 90' lang='lat' dir='ltr'>me</span> <span class='ocrx_word' id='word_1_50' title='bbox 457 1289 564 1337; x_wconf 81' lang='lat' dir='ltr'>natum</span> <span class='ocrx_word' id='word_1_51' title='bbox 588 1294 771 1353; x_wconf 85' lang='lat' dir='ltr'>magnorum</span> <span class='ocrx_word' id='word_1_52' title='bbox 794 1275 943 1352; x_wconf 88' lang='lat' dir='ltr'>sanguine</span> <span class='ocrx_word' id='word_1_53' title='bbox 965 1294 1093 1353; x_wconf 78' lang='lat' dir='ltr'>regum3</span> 
     </span>
     <span class='ocr_line' id='line_1_11' title="bbox 210 1367 998 1466; baseline -0.009 -20"><span class='ocrx_word' id='word_1_54' title='bbox 210 1367 216 1378; x_wconf 47' lang='lat'><em>⁰</em></span> <span class='ocrx_word' id='word_1_55' title='bbox 251 1387 288 1466; x_wconf 83' lang='lat' dir='ltr'>ln</span> <span class='ocrx_word' id='word_1_56' title='bbox 311 1407 360 1446; x_wconf 90' lang='lat' dir='ltr'>me</span> <span class='ocrx_word' id='word_1_57' title='bbox 382 1386 559 1466; x_wconf 90' lang='lat' dir='ltr'>priscorum</span> <span class='ocrx_word' id='word_1_58' title='bbox 583 1385 680 1446; x_wconf 87' lang='lat' dir='ltr'>virtus</span> <span class='ocrx_word' id='word_1_59' title='bbox 705 1381 835 1442; x_wconf 83' lang='lat' dir='ltr'>defluxit</span> <span class='ocrx_word' id='word_1_60' title='bbox 857 1402 998 1458; x_wconf 84' lang='lat' dir='ltr'>avorum,</span> 
     </span>
     <span class='ocr_line' id='line_1_12' title="bbox 146 1490 942 1575; baseline -0.001 -21"><span class='ocrx_word' id='word_1_61' title='bbox 146 1500 207 1557; x_wconf 85' lang='grc'>665</span> <span class='ocrx_word' id='word_1_62' title='bbox 253 1493 358 1575; x_wconf 86' lang='lat' dir='ltr'>Stirpe</span> <span class='ocrx_word' id='word_1_63' title='bbox 382 1493 535 1555; x_wconf 88' lang='lat' dir='ltr'>recensita</span> <span class='ocrx_word' id='word_1_64' title='bbox 555 1491 732 1553; x_wconf 80' lang='lat' dir='ltr'>removebis</span> <span class='ocrx_word' id='word_1_65' title='bbox 755 1490 829 1552; x_wconf 85' lang='lat' dir='ltr'>vilia</span> <span class='ocrx_word' id='word_1_66' title='bbox 849 1495 942 1566; x_wconf 89' lang='lat' dir='ltr'>jussa.</span> 
     </span>
     <span class='ocr_line' id='line_1_13' title="bbox 255 1597 1030 1684; baseline -0.008 -20"><span class='ocrx_word' id='word_1_67' title='bbox 255 1603 349 1665; x_wconf 80' lang='lat' dir='ltr'>Juxta</span> <span class='ocrx_word' id='word_1_68' title='bbox 371 1603 553 1684; x_wconf 88' lang='lat' dir='ltr'>progeniem</span> <span class='ocrx_word' id='word_1_69' title='bbox 576 1599 690 1660; x_wconf 77' lang='lat' dir='ltr'>aranda</span> <span class='ocrx_word' id='word_1_70' title='bbox 712 1597 887 1662; x_wconf 79' lang='lat' dir='ltr'>serviminis</span> <span class='ocrx_word' id='word_1_71' title='bbox 912 1599 1030 1668; x_wconf 61' lang='lat' dir='ltr'>artem?</span> 
     </span>
     <span class='ocr_line' id='line_1_14' title="bbox 568 1707 747 1788; baseline 0 -19"><span class='ocrx_word' id='word_1_72' title='bbox 568 1707 747 1788; x_wconf 89' lang='lat' dir='ltr'>leopardus.</span> 
     </span>
     <span class='ocr_line' id='line_1_15' title="bbox 253 1817 976 1882; baseline -0.007 0"><span class='ocrx_word' id='word_1_73' title='bbox 253 1817 422 1882; x_wconf 80' lang='lat' dir='ltr'>‘Convenit</span> <span class='ocrx_word' id='word_1_74' title='bbox 443 1839 512 1880; x_wconf 87' lang='lat' dir='ltr'>ecce</span> <span class='ocrx_word' id='word_1_75' title='bbox 535 1820 591 1880; x_wconf 91' lang='lat' dir='ltr'>tibi</span> <span class='ocrx_word' id='word_1_76' title='bbox 614 1820 682 1879; x_wconf 86' lang='lat' dir='ltr'>talis</span> <span class='ocrx_word' id='word_1_77' title='bbox 704 1820 880 1881; x_wconf 89' lang='lat' dir='ltr'>reverentia</span> <span class='ocrx_word' id='word_1_78' title='bbox 900 1818 976 1881; x_wconf 66' lang='lat' dir='ltr'>fati!</span> 
     </span>
     <span class='ocr_line' id='line_1_16' title="bbox 600 1926 723 1987; baseline 0.016 -2"><span class='ocrx_word' id='word_1_79' title='bbox 600 1926 723 1987; x_wconf 86' lang='lat' dir='ltr'>ericius.</span> 
     </span>
     <span class='ocr_line' id='line_1_17' title="bbox 256 2031 1073 2114; baseline 0.002 -26"><span class='ocrx_word' id='word_1_80' title='bbox 256 2031 473 2095; x_wconf 79' lang='lat' dir='ltr'>‘Hinc‘vivam</span> <span class='ocrx_word' id='word_1_81' title='bbox 497 2033 621 2114; x_wconf 85' lang='lat' dir='ltr'>reliquo</span> <span class='ocrx_word' id='word_1_82' title='bbox 644 2032 818 2112; x_wconf 75' lang='lat' dir='ltr'>despectior</span> <span class='ocrx_word' id='word_1_83' title='bbox 838 2031 905 2112; x_wconf 90' lang='lat' dir='ltr'>ipse</span> <span class='ocrx_word' id='word_1_84' title='bbox 928 2032 1073 2112; x_wconf 63' lang='lat' dir='ltr'>popello)</span> 
     </span>
     <span class='ocr_line' id='line_1_18' title="bbox 565 2139 747 2220; baseline 0.011 -22"><span class='ocrx_word' id='word_1_85' title='bbox 565 2139 747 2220; x_wconf 84' lang='lat' dir='ltr'>leopardus.</span> 
     </span>
     <span class='ocr_line' id='line_1_19' title="bbox 257 2245 1128 2329; baseline 0.005 -23"><span class='ocrx_word' id='word_1_86' title='bbox 257 2247 423 2328; x_wconf 86' lang='lat' dir='ltr'>‘Tempore</span> <span class='ocrx_word' id='word_1_87' title='bbox 447 2268 581 2329; x_wconf 74' lang='lat' dir='ltr'>uanique</span> <span class='ocrx_word' id='word_1_88' title='bbox 605 2269 663 2309; x_wconf 90' lang='lat' dir='ltr'>suo</span> <span class='ocrx_word' id='word_1_89' title='bbox 686 2247 807 2327; x_wconf 89' lang='lat' dir='ltr'>generis</span> <span class='ocrx_word' id='word_1_90' title='bbox 826 2247 1008 2311; x_wconf 72' lang='lat' dir='ltr'>recitabitur</span> <span class='ocrx_word' id='word_1_91' title='bbox 1029 2245 1128 2310; x_wconf 80' lang='lat' dir='ltr'>ordo’</span> 
     </span>
     <span class='ocr_line' id='line_1_20' title="bbox 546 2357 722 2419; baseline 0.006 -1"><span class='ocrx_word' id='word_1_92' title='bbox 546 2388 550 2395; x_wconf 84' lang='grc'><em>·</em></span> <span class='ocrx_word' id='word_1_93' title='bbox 600 2357 722 2419; x_wconf 87' lang='lat' dir='ltr'>ericius.</span> 
     </span>
    </p>
   </div>
   <div class='ocr_carea' id='block_1_4' title="bbox 153 2455 1275 2546">
    <p class='ocr_par' dir='ltr' id='par_1_4' title="bbox 153 2455 1275 2546">
     <span class='ocr_line' id='line_1_21' title="bbox 153 2455 1275 2546; baseline 0.001 -23"><span class='ocrx_word' id='word_1_94' title='bbox 153 2471 214 2526; x_wconf 96' lang='grc'>670</span> <span class='ocrx_word' id='word_1_95' title='bbox 259 2463 361 2525; x_wconf 78' lang='lat' dir='ltr'>‘Nunc</span> <span class='ocrx_word' id='word_1_96' title='bbox 378 2483 491 2546; x_wconf 88' lang='lat' dir='ltr'>sequar</span> <span class='ocrx_word' id='word_1_97' title='bbox 510 2465 570 2527; x_wconf 85' lang='lat' dir='ltr'>hoc</span> <span class='ocrx_word' id='word_1_98' title='bbox 585 2470 723 2544; x_wconf 89' lang='lat' dir='ltr'>jussum,</span> <span class='ocrx_word' id='word_1_99' title='bbox 746 2463 918 2546; x_wconf 89' lang='lat' dir='ltr'>deposcens</span> <span class='ocrx_word' id='word_1_100' title='bbox 931 2478 962 2527; x_wconf 87' lang='lat' dir='ltr'>te</span> <span class='ocrx_word' id='word_1_101' title='bbox 974 2463 1170 2546; x_wconf 87' lang='lat' dir='ltr'>leopardum,</span> <span class='ocrx_word' id='word_1_102' title='bbox 1268 2455 1275 2461; x_wconf 65' lang='grc'><strong>’</strong></span> 
     </span>
    </p>
   </div>
   <div class='ocr_carea' id='block_1_5' title="bbox 151 2571 1171 3849">
    <p class='ocr_par' dir='ltr' id='par_1_5' title="bbox 151 2571 1171 3849">
     <span class='ocr_line' id='line_1_22' title="bbox 255 2571 1171 2657; baseline 0 -25"><span class='ocrx_word' id='word_1_103' title='bbox 255 2571 432 2652; x_wconf 88' lang='lat' dir='ltr'>Praecipias</span> <span class='ocrx_word' id='word_1_104' title='bbox 457 2595 617 2655; x_wconf 89' lang='lat' dir='ltr'>nunquam</span> <span class='ocrx_word' id='word_1_105' title='bbox 641 2578 719 2637; x_wconf 90' lang='lat' dir='ltr'>mihi</span> <span class='ocrx_word' id='word_1_106' title='bbox 742 2577 974 2654; x_wconf 85' lang='lat' dir='ltr'>contemptibile</span> <span class='ocrx_word' id='word_1_107' title='bbox 994 2576 1171 2657; x_wconf 88' lang='lat' dir='ltr'>quicquam.</span> 
     </span>
     <span class='ocr_line' id='line_1_23' title="bbox 255 2677 1020 2763; baseline 0.001 -21"><span class='ocrx_word' id='word_1_108' title='bbox 255 2677 290 2742; x_wconf 88' lang='lat' dir='ltr'>Si</span> <span class='ocrx_word' id='word_1_109' title='bbox 314 2681 419 2754; x_wconf 85' lang='lat' dir='ltr'>brevis</span> <span class='ocrx_word' id='word_1_110' title='bbox 441 2683 560 2761; x_wconf 87' lang='lat' dir='ltr'>existo,</span> <span class='ocrx_word' id='word_1_111' title='bbox 583 2682 733 2763; x_wconf 89' lang='lat' dir='ltr'>prudenti</span> <span class='ocrx_word' id='word_1_112' title='bbox 754 2683 893 2761; x_wconf 90' lang='lat' dir='ltr'>regmine</span> <span class='ocrx_word' id='word_1_113' title='bbox 912 2703 1020 2761; x_wconf 91' lang='lat' dir='ltr'>regno,</span> 
     </span>
     <span class='ocr_line' id='line_1_24' title="bbox 255 2790 1076 2870; baseline 0.004 -20"><span class='ocrx_word' id='word_1_114' title='bbox 255 2790 421 2868; x_wconf 85' lang='lat' dir='ltr'>Ingenium</span> <span class='ocrx_word' id='word_1_115' title='bbox 443 2810 577 2869; x_wconf 88' lang='lat' dir='ltr'>purum,</span> <span class='ocrx_word' id='word_1_116' title='bbox 600 2790 740 2870; x_wconf 91' lang='lat' dir='ltr'>sapiens,</span> <span class='ocrx_word' id='word_1_117' title='bbox 763 2790 897 2868; x_wconf 82' lang='lat' dir='ltr'>subtile,</span> <span class='ocrx_word' id='word_1_118' title='bbox 919 2812 1076 2853; x_wconf 89' lang='lat' dir='ltr'>serenum.</span> 
     </span>
     <span class='ocr_line' id='line_1_25' title="bbox 253 2885 1141 2978; baseline 0.006 -22"><span class='ocrx_word' id='word_1_119' title='bbox 253 2897 381 2957; x_wconf 87' lang='lat' dir='ltr'>Vilibus</span> <span class='ocrx_word' id='word_1_120' title='bbox 401 2897 436 2956; x_wconf 91' lang='lat' dir='ltr'>in</span> <span class='ocrx_word' id='word_1_121' title='bbox 458 2899 594 2960; x_wconf 84' lang='lat' dir='ltr'>volucris</span> <span class='ocrx_word' id='word_1_122' title='bbox 615 2900 715 2960; x_wconf 88' lang='lat' dir='ltr'>latitat</span> <span class='ocrx_word' id='word_1_123' title='bbox 736 2900 908 2960; x_wconf 86' lang='lat' dir='ltr'>substantia</span> <span class='ocrx_word' id='word_1_124' title='bbox 929 2895 1065 2978; x_wconf 86' lang='lat' dir='ltr'>grandis.</span> <span class='ocrx_word' id='word_1_125' title='bbox 1135 2885 1141 2890; x_wconf 40' lang='lat'><strong>⁴</strong></span> 
     </span>
     <span class='ocr_line' id='line_1_26' title="bbox 151 3003 1093 3084; baseline 0.005 -22"><span class='ocrx_word' id='word_1_126' title='bbox 151 3009 212 3065; x_wconf 84' lang='grc'>675</span> <span class='ocrx_word' id='word_1_127' title='bbox 255 3003 399 3064; x_wconf 88' lang='lat' dir='ltr'>Marcbio</span> <span class='ocrx_word' id='word_1_128' title='bbox 422 3025 490 3065; x_wconf 90' lang='lat' dir='ltr'>sum</span> <span class='ocrx_word' id='word_1_129' title='bbox 512 3006 655 3083; x_wconf 89' lang='lat' dir='ltr'>Rutulis,</span> <span class='ocrx_word' id='word_1_130' title='bbox 676 3027 825 3069; x_wconf 88' lang='lat' dir='ltr'>romanae</span> <span class='ocrx_word' id='word_1_131' title='bbox 848 3005 978 3084; x_wconf 84' lang='lat' dir='ltr'>signifer</span> <span class='ocrx_word' id='word_1_132' title='bbox 996 3007 1093 3081; x_wconf 89' lang='lat' dir='ltr'>urbis,</span> 
     </span>
     <span class='ocr_line' id='line_1_27' title="bbox 228 3109 1007 3194; baseline 0.008 -24"><span class='ocrx_word' id='word_1_133' title='bbox 228 3183 231 3193; x_wconf 24' lang='grc' dir='ltr'><strong><em>μ</em></strong></span> <span class='ocrx_word' id='word_1_134' title='bbox 259 3111 313 3173; x_wconf 90' lang='lat' dir='ltr'>Est</span> <span class='ocrx_word' id='word_1_135' title='bbox 335 3110 461 3174; x_wconf 87' lang='lat' dir='ltr'>testudo</span> <span class='ocrx_word' id='word_1_136' title='bbox 482 3109 560 3173; x_wconf 90' lang='lat' dir='ltr'>mihi</span> <span class='ocrx_word' id='word_1_137' title='bbox 583 3115 724 3194; x_wconf 87' lang='lat' dir='ltr'>spaciosa</span> <span class='ocrx_word' id='word_1_138' title='bbox 748 3114 907 3175; x_wconf 85' lang='lat' dir='ltr'>cacumine</span> <span class='ocrx_word' id='word_1_139' title='bbox 930 3116 1007 3190; x_wconf 86' lang='lat' dir='ltr'>saxi,</span> 
     </span>
     <span class='ocr_line' id='line_1_28' title="bbox 257 3219 1106 3305; baseline 0.004 -26"><span class='ocrx_word' id='word_1_140' title='bbox 257 3219 372 3280; x_wconf 90' lang='lat' dir='ltr'>Tutior</span> <span class='ocrx_word' id='word_1_141' title='bbox 392 3219 446 3280; x_wconf 88' lang='lat' dir='ltr'>illa</span> <span class='ocrx_word' id='word_1_142' title='bbox 471 3223 584 3302; x_wconf 86' lang='lat' dir='ltr'>magis,</span> <span class='ocrx_word' id='word_1_143' title='bbox 617 3243 712 3305; x_wconf 87' lang='lat' dir='ltr'>quam</span> <span class='ocrx_word' id='word_1_144' title='bbox 734 3225 797 3284; x_wconf 92' lang='lat' dir='ltr'>sint</span> <span class='ocrx_word' id='word_1_145' title='bbox 819 3223 994 3284; x_wconf 90' lang='lat' dir='ltr'>munimina</span> <span class='ocrx_word' id='word_1_146' title='bbox 1015 3224 1106 3302; x_wconf 86' lang='lat' dir='ltr'>regis,</span> 
     </span>
     <span class='ocr_line' id='line_1_29' title="bbox 254 3327 930 3413; baseline 0.006 -24"><span class='ocrx_word' id='word_1_147' title='bbox 254 3327 357 3389; x_wconf 87' lang='lat' dir='ltr'>Unius</span> <span class='ocrx_word' id='word_1_148' title='bbox 378 3328 412 3388; x_wconf 88' lang='lat' dir='ltr'>in</span> <span class='ocrx_word' id='word_1_149' title='bbox 434 3329 532 3392; x_wconf 85' lang='lat' dir='ltr'>funda</span> <span class='ocrx_word' id='word_1_150' title='bbox 550 3334 712 3413; x_wconf 91' lang='lat' dir='ltr'>pelluntur</span> <span class='ocrx_word' id='word_1_151' title='bbox 731 3333 817 3394; x_wconf 89' lang='lat' dir='ltr'>milia</span> <span class='ocrx_word' id='word_1_152' title='bbox 840 3331 930 3412; x_wconf 84' lang='lat' dir='ltr'>dena,</span> 
     </span>
     <span class='ocr_line' id='line_1_30' title="bbox 251 3437 960 3520; baseline 0.014 -25"><span class='ocrx_word' id='word_1_153' title='bbox 251 3437 416 3500; x_wconf 86' lang='lat' dir='ltr'>Praevalet</span> <span class='ocrx_word' id='word_1_154' title='bbox 438 3453 562 3519; x_wconf 83' lang='lat' dir='ltr'>argutas</span> <span class='ocrx_word' id='word_1_155' title='bbox 585 3441 683 3503; x_wconf 83' lang='lat' dir='ltr'>hostis</span> <span class='ocrx_word' id='word_1_156' title='bbox 705 3442 803 3505; x_wconf 81' lang='lat' dir='ltr'>vitare</span> <span class='ocrx_word' id='word_1_157' title='bbox 826 3443 960 3520; x_wconf 83' lang='lat' dir='ltr'>sagittas.</span> 
     </span>
     <span class='ocr_line' id='line_1_31' title="bbox 152 3543 1060 3629; baseline 0.009 -24"><span class='ocrx_word' id='word_1_158' title='bbox 152 3550 213 3606; x_wconf 87' lang='grc'>680</span> <span class='ocrx_word' id='word_1_159' title='bbox 257 3543 427 3608; x_wconf 88' lang='lat' dir='ltr'>Scandenti</span> <span class='ocrx_word' id='word_1_160' title='bbox 449 3548 546 3629; x_wconf 91' lang='lat' dir='ltr'>pediti</span> <span class='ocrx_word' id='word_1_161' title='bbox 567 3571 632 3613; x_wconf 91' lang='lat' dir='ltr'>non</span> <span class='ocrx_word' id='word_1_162' title='bbox 659 3562 705 3612; x_wconf 90' lang='lat' dir='ltr'>est</span> <span class='ocrx_word' id='word_1_163' title='bbox 728 3550 776 3614; x_wconf 84' lang='lat' dir='ltr'>via</span> <span class='ocrx_word' id='word_1_164' title='bbox 798 3553 897 3613; x_wconf 86' lang='lat' dir='ltr'>libera</span> <span class='ocrx_word' id='word_1_165' title='bbox 921 3553 990 3629; x_wconf 90' lang='lat' dir='ltr'>soli,</span> <span class='ocrx_word' id='word_1_166' title='bbox 1057 3552 1060 3567; x_wconf 86' lang='grc'><strong>“</strong></span> 
     </span>
     <span class='ocr_line' id='line_1_32' title="bbox 173 3642 1151 3739; baseline 0.002 -25"><span class='ocrx_word' id='word_1_167' title='bbox 173 3642 176 3651; x_wconf 69' lang='grc'><strong>’</strong></span> <span class='ocrx_word' id='word_1_168' title='bbox 254 3654 321 3715; x_wconf 87' lang='lat' dir='ltr'>Vix</span> <span class='ocrx_word' id='word_1_169' title='bbox 343 3655 429 3717; x_wconf 85' lang='lat' dir='ltr'>culix</span> <span class='ocrx_word' id='word_1_170' title='bbox 456 3658 623 3739; x_wconf 87' lang='lat' dir='ltr'>quisquam</span> <span class='ocrx_word' id='word_1_171' title='bbox 645 3659 779 3723; x_wconf 81' lang='lat' dir='ltr'>volitans</span> <span class='ocrx_word' id='word_1_172' title='bbox 802 3658 989 3722; x_wconf 88' lang='lat' dir='ltr'>conscendet</span> <span class='ocrx_word' id='word_1_173' title='bbox 1010 3655 1151 3730; x_wconf 89' lang='lat' dir='ltr'>eandem,</span> 
     </span>
     <span class='ocr_line' id='line_1_33' title="bbox 255 3760 1074 3849; baseline 0.007 -29"><span class='ocrx_word' id='word_1_174' title='bbox 255 3760 306 3822; x_wconf 83' lang='lat' dir='ltr'>Sic</span> <span class='ocrx_word' id='word_1_175' title='bbox 330 3763 428 3824; x_wconf 87' lang='lat' dir='ltr'>clivus</span> <span class='ocrx_word' id='word_1_176' title='bbox 451 3767 560 3840; x_wconf 87' lang='lat' dir='ltr'>castri,</span> <span class='ocrx_word' id='word_1_177' title='bbox 585 3768 689 3829; x_wconf 88' lang='lat' dir='ltr'>teretis</span> <span class='ocrx_word' id='word_1_178' title='bbox 713 3769 802 3849; x_wconf 84' lang='lat' dir='ltr'>quasi</span> <span class='ocrx_word' id='word_1_179' title='bbox 826 3771 951 3848; x_wconf 88' lang='lat' dir='ltr'>sperula</span> <span class='ocrx_word' id='word_1_180' title='bbox 971 3767 1074 3849; x_wconf 82' lang='lat' dir='ltr'>pomi3</span> 
     </span>
    </p>
   </div>
   <div class='ocr_carea' id='block_1_6' title="bbox 153 3905 352 3922">
    <p class='ocr_par' dir='ltr' id='par_1_6' title="bbox 153 3905 352 3922">
     <span class='ocr_line' id='line_1_34' title="bbox 153 3905 352 3922; baseline 0 -6"><span class='ocrx_word' id='word_1_181' title='bbox 153 3905 336 3922; x_wconf 36' lang='lat' dir='ltr'>..uu-Q·-</span> <span class='ocrx_word' id='word_1_182' title='bbox 348 3914 352 3922; x_wconf 70' lang='grc' dir='ltr'>Ι</span> 
     </span>
    </p>
   </div>
   <div class='ocr_carea' id='block_1_7' title="bbox 152 3998 1171 4145">
    <p class='ocr_par' dir='ltr' id='par_1_7' title="bbox 152 3998 1171 4145">
     <span class='ocr_line' id='line_1_35' title="bbox 224 3998 1171 4057; baseline 0.007 -11"><span class='ocrx_word' id='word_1_183' title='bbox 224 3998 277 4047; x_wconf 85' lang='grc'>665</span> <span class='ocrx_word' id='word_1_184' title='bbox 295 4003 430 4049; x_wconf 80' lang='lat' dir='ltr'>recensete</span> <span class='ocrx_word' id='word_1_185' title='bbox 449 4000 481 4051; x_wconf 89' lang='lat' dir='ltr'>A.</span> <span class='ocrx_word' id='word_1_186' title='bbox 593 4003 645 4053; x_wconf 81' lang='grc'>673</span> <span class='ocrx_word' id='word_1_187' title='bbox 665 4000 753 4055; x_wconf 84' lang='lat' dir='ltr'>subtili</span> <span class='ocrx_word' id='word_1_188' title='bbox 772 4005 802 4055; x_wconf 84' lang='lat' dir='ltr'>A.</span> <span class='ocrx_word' id='word_1_189' title='bbox 918 4008 970 4057; x_wconf 88' lang='grc'>676</span> <span class='ocrx_word' id='word_1_190' title='bbox 990 4003 1121 4057; x_wconf 84' lang='lat' dir='ltr'>cacumina</span> <span class='ocrx_word' id='word_1_191' title='bbox 1141 4001 1171 4054; x_wconf 89' lang='lat' dir='ltr'>A.</span> 
     </span>
     <span class='ocr_line' id='line_1_36' title="bbox 152 4085 618 4145; baseline 0.021 -11"><span class='ocrx_word' id='word_1_192' title='bbox 152 4086 205 4134; x_wconf 87' lang='grc'>677</span> <span class='ocrx_word' id='word_1_193' title='bbox 224 4085 257 4137; x_wconf 84' lang='lat' dir='ltr'>sit</span> <span class='ocrx_word' id='word_1_194' title='bbox 276 4087 306 4137; x_wconf 85' lang='lat' dir='ltr'>A.</span> <span class='ocrx_word' id='word_1_195' title='bbox 433 4089 485 4142; x_wconf 84' lang='grc'>676</span> <span class='ocrx_word' id='word_1_196' title='bbox 504 4104 569 4144; x_wconf 85' lang='lat' dir='ltr'>unus</span> <span class='ocrx_word' id='word_1_197' title='bbox 588 4093 618 4145; x_wconf 87' lang='lat' dir='ltr'>A.</span> 
     </span>
    </p>
   </div>
   <div class='ocr_carea' id='block_1_8' title="bbox 0 0 1324 4650">
    <p class='ocr_par' dir='ltr' id='par_1_8' title="bbox 0 0 1324 4650">
     <span class='ocr_line' id='line_1_37' title="bbox 0 0 1324 4650; baseline 0 0"><span class='ocrx_word' id='word_1_198' title='bbox 0 0 1324 4650; x_wconf 95' lang='lat' dir='ltr'> </span> 
     </span>
    </p>
   </div>
  </div>
 </body>
</html>
