2640 4650
187 309 252 373 1so
307 276 310 280 ’
420 298 737 368 uuoomou
784 275 970 385 fragmx.

270 539 354 598 Haec
376 535 452 618 quocl
473 540 500 595 ei
520 535 657 608 dederat,
679 545 832 594 reverenter
852 533 1031 613 suscipiebat.

190 656 229 712 15
272 648 400 709 incidens
418 665 521 727 panem
542 645 657 704 turbam
679 648 804 725 partitur
823 648 852 703 in
872 664 990 719 ornnem,

276 758 440 818 Transmisit
461 758 546 815 cuiuis
568 755 677 813 discum
698 755 863 834 specialibus
885 758 963 830 escis,

272 867 344 927 Cum
362 869 422 925 uino
441 874 591 944 pateram,
613 867 721 923 mittens
741 862 898 943 aliquando
919 863 1074 924 medonem.

274 971 385 1035 ertlieb
406 975 562 1033 contribulis
581 977 699 1033 'conuioa
714 970 774 1051 suit
795 969 919 1047 socialis,

274 1085 322 1144 Eoo
343 1104 397 1143 uno
416 1104 492 1162 pane
512 1083 661 1143 comeclunt
681 1104 739 1142 una
761 1103 872 1164 quoque
889 1082 980 1157 lance,

190 1200 233 1255 20
275 1194 322 1255 Ex
345 1214 399 1253 uno
422 1195 525 1276 cyatlro
547 1195 673 1254 biberant
696 1196 877 1253 communiter
898 1193 993 1252 ambo.

238 1281 253 1343 ι·
274 1305 369 1366 Matri
393 1308 505 1364 conoioa
524 1305 591 1364 solet
619 1325 678 1372 esse
706 1303 857 1363 monedula
883 1294 954 1380 sola,

278 1412 333 1472 Cui
348 1411 465 1492 pilulam
486 1415 577 1471 micae
599 1433 662 1470 cum
685 1412 753 1488 clat,
777 1416 853 1492 capit
870 1411 936 1485 illa',
967 1409 1093 1491 superbe

277 1524 473 1602 Paenuleum,
493 1541 618 1581 mensam
638 1533 827 1609 trarrsoersam
848 1521 968 1581 traruilit
986 1541 1105 1582 omnem.

276 1633 398 1692 Fercula
416 1644 480 1712 post
501 1633 590 1691 multa
608 1642 670 1712 post
690 1633 795 1713 pocula
817 1642 911 1712 totque
929 1642 1028 1692 secuta
1078 1613 1084 1627 ,

191 1719 238 1802 25'
280 1742 356 1802 Tunc
379 1741 450 1801 bera
467 1745 556 1821 poscit
578 1762 703 1823 aquam,
732 1745 909 1802 camerarius
929 1743 1022 1802 attulit
1043 1741 1133 1803 ellann

276 1851 328 1914 Ae
346 1872 456 1911 mensas
478 1872 605 1933 quasque
624 1872 732 1911 summo
745 1850 828 1931 jubet
848 1852 922 1911 banc
952 1852 1026 1911 dare
1045 1857 1156 1933 cuique.

53 1964 59 1971 .
169 1974 174 1989 .,
276 1963 346 2023 Post
367 1963 430 2022 1,ῑηῦ
448 1965 599 2042 pincernae
614 1965 722 2042 passim
740 1971 839 2042 potum
859 1962 990 2021 tribuere.

276 2073 382 2133 Mensa
398 2075 498 2131 amotr's
518 2065 691 2131 mensalibus
712 2081 798 2152 atque
816 2072 929 2153 plicatis

274 2183 359 2243 Laeti
376 2192 545 2258 consurgunt
574 2182 705 2241 domimo
732 2192 884 2263 gratesque
915 2180 1062 2256 dederunt,

163 2366 167 2375 ,
191 2302 232 2358 30
275 2297 380 2381 Dicunt
403 2295 532 2372 gaudere
560 2292 672 2356 Rbtlieb
705 2317 806 2355 sanum
828 2294 951 2371 rediisse,

279 2403 342 2484 Quo
364 2403 520 2462 consuletur
548 2413 685 2477 matrem,
712 2425 747 2463 ne
772 2404 845 2482 plue
865 2401 1025 2477 tribuletur,

276 2516 412 2576 Primitus
435 2525 466 2574 ut
487 2535 580 2595 saepe,
603 2515 678 2574 dolet
698 2515 754 2575 illo
773 2536 843 2577 cum
867 2514 1014 2578 caruisse.

274 2625 326 2687 Est
341 2626 512 2702 diuulgatum
533 2629 586 2685 cito
599 2632 654 2706 per
672 2636 768 2686 totam
788 2625 950 2706 regionem
1073 2626 1213 2696 LXVIII

276 2731 401 2794 Rbtlieb
422 2738 523 2794 oem'sse
539 2735 753 2816 locupletatum
776 2747 823 2799 sat
839 2732 977 2798 abunde.
1053 2737 1057 2743 '

192 2851 232 2906 35
276 2843 353 2904 Dum
365 2844 419 2903 sibi
429 2855 493 2924 post
505 2846 615 2925 placuit
637 2842 712 2904 dum
725 2855 943 2927 secretumque
959 2843 1020 2915 eibi
1035 2846 1080 2924 fir,

273 2952 367 3012 Intrat
389 2953 518 3013 conclaue
538 2975 603 3014 cum
624 2949 737 3015 dilecta
759 2953 820 3015 sibi
839 2965 949 3032 matre,

271 3040 499 3144 vSeretiferuruque
514 3062 598 3145 jubet
618 3064 771 3124 enthecam
798 3082 862 3144 quo
884 3060 946 3122 cibi
972 3060 1078 3125 ferrei.
1166 3068 1169 3073 ’

275 3154 320 3233 De
341 3195 401 3255 qua
423 3177 585 3256 multiplices
610 3162 744 3235 extruxit
774 3191 849 3253 opes
871 3170 1023 3254 pretiosae

277 3281 315 3340 In
333 3281 498 3361 ehrueInie,
516 3284 549 3342 in
574 3282 714 3363 pelliciis,
734 3304 831 3343 census
850 3293 876 3342 et
891 3283 973 3358 alius,
1026 3358 1029 3363 .

192 3392 234 3451 40
277 3387 356 3449 Exul
374 3410 450 3470 quae
471 3391 550 3449 denis
569 3390 784 3450 nanciscebatur
804 3395 832 3450 in
853 3394 944 3450 anm's.

276 3492 353 3553 Post
362 3493 464 3574 poscit
476 3514 578 3575 peras,
590 3514 668 3576 quas
679 3496 794 3575 scutifer
806 3498 897 3557 attulit
905 3492 1043 3573 amb[as].
1100 3487 1216 3554 LXIX

199 3639 200 3644 κ
279 3600 423 3663 Eutrabat
442 3614 473 3663 ut
485 3601 660 3684 pauesjubet
670 3603 743 3661 buna
750 3600 850 3681 suctos
865 3614 936 3684 aput
948 3599 1045 3680 Afros.

277 3706 365 3783 Quos
378 3709 452 3775 dum
462 3709 623 3795 produxit,
637 3711 727 3774 matri
733 3712 896 3795 joculanter
907 3716 930 3771 is
940 3714 1046 3793 nque:
1076 3716 1079 3721 '

275 3818 349 3879 ‘Hos
365 3820 505 3899 deserviri,
529 3834 611 3885 tenus
623 3824 691 3900 bac,
711 3835 812 3901 mater,
826 3823 875 3883 ubi
887 3841 987 3882 mauu.
1096 3836 1099 3841 '

191 3929 233 3990 45
275 3928 342 3992 Hos
363 3931 441 3994 mihi
462 3952 521 3994 rex
541 3930 670 4007 dederat
693 3953 714 3992 n
760 3976 769 3993 .
814 3976 823 3993 .
868 3974 876 3992 .
921 3975 929 3992 .

195 4083 474 4102 Μ

197 4185 199 4189 ·
261 4173 296 4223 21
315 4172 382 4226 iubet
399 4171 542 4225 monedula
564 4171 607 4226 die
626 4172 714 4239 glosse
733 4170 813 4225 taba.
