2640 4650
508 254 761 320 ECBASIS.
1082 261 1146 327 279

232 483 340 544 Gratia
363 483 400 542 sit
421 481 528 556 vobis,
551 480 638 563 quod
660 483 703 544 sic
727 481 803 543 milti
828 469 1047 547 condoluistis:
1139 526 1141 533 ›

128 597 208 652 1035
231 592 377 653 Exitibus
397 591 508 654 vestris
531 592 637 654 nullus
659 590 841 654 dominetur
862 604 897 653 ut
919 595 1017 656 hostis
1096 604 1124 651 “,

229 698 361 760 Finibus
378 698 411 759 in
431 699 568 776 cunctis,
590 701 672 763 latus
694 721 758 782 qus
777 697 916 762 tenditur
937 703 1044 765 orbis.’

225 809 316 873 Potio
340 806 497 885 defertur,
519 809 681 872 temulenti
703 809 821 893 quique
839 810 1009 887 vehuntur,

228 917 307 980 Pace
328 918 491 980 salutantis
514 917 644 981 discedit
665 921 774 982 concio
797 919 913 996 castris,
996 967 1001 998 ,

228 1027 294 1090 Nec
318 1031 454 1113 calamus
476 1029 613 1108 referet,
634 1051 715 1111 quae
738 1029 818 1108 regis
841 1029 938 1106 jussio
959 1029 1100 1109 praebet.

125 1135 207 1196 1040
229 1137 319 1199 Tunc
341 1159 418 1218 vaga
439 1138 582 1217 prosiluit
606 1138 703 1198 irenis
723 1149 837 1198 natura
857 1140 996 1210 remotis,
1042 1210 1046 1220 ι

227 1245 331 1328 Seque
353 1266 409 1326 per
433 1246 600 1306 immensas
622 1243 805 1307 diffundunt
828 1240 950 1324 agmins
972 1244 1075 1306 silvas.

225 1356 305 1417 Mox
334 1355 448 1434 magni¹
460 1355 613 1436 parvique
633 1356 744 1435 lupum
764 1355 867 1416 lusere
891 1352 997 1434 gavisi,

225 1465 363 1527 Accessit
382 1465 482 1525 laetae
509 1464 621 1525 turbae
642 1463 825 1543 glomeratio
846 1475 962 1532 tantae.

227 1573 410 1652 Exprobrst
430 1574 464 1634 in
488 1571 585 1651 facie,
607 1568 687 1655 q'uae
705 1574 743 1636 sit
765 1571 905 1636 custodia
925 1571 1061 1651 linguae,

120 1677 204 1742 104⁵
225 1682 378 1744 Informst
402 1682 543 1763 scriptis,
573 1703 654 1765 quae
676 1682 718 1744 sit
739 1683 858 1745 cautela
880 1677 1046 1760 bilinguis:

219 1789 388 1852 ‘Dentibus
408 1789 562 1852 infrendis
582 1773 663 1854 vsne
683 1802 740 1852 tua
759 1791 849 1853 labra
869 1788 991 1855 voraris

186 1930 189 1935 ·
216 1899 264 1958 Te
283 1909 339 1960 tua
361 1901 452 1978 culpa
473 1901 606 1978 premit,
628 1910 663 1986 tu
684 1898 758 1961 dum
780 1912 835 1962 tua
849 1899 938 1961 navis
955 1897 988 1958 in
1001 1897 1063 1959 alto
1081 1906 1136 1968 est,

222 2005 292 2065 Hoc
315 2025 370 2082 age
394 2025 434 2064 ne
456 2016 575 2065 mutata
596 2017 770 2067 retrorsum
793 2019 824 2068 te
846 2008 938 2069 vebat
956 2025 1052 2081 aura3

223 2110 354 2190 Inspicit
378 2111 577 2191 omnipotens
600 2124 706 2189 actus,
730 2134 793 2194 qus
813 2125 916 2175 mente
934 2123 1093 2190 regantur,

120 2229 202 2286 1050
222 2223 306 2286 Nam
325 2225 422 2285 semel
449 2223 703 2287 emissumvolat
722 2226 928 2288 irrevocabile
948 2225 1092 2288 verbum.

222 2333 309 2394 Haec
339 2331 420 2395 dolis
452 2346 515 2409 est,
543 2333 688 2412 inimice,
716 2335 779 2397 tuis
799 2345 947 2415 concepta
971 2334 1109 2398 simultas
1118 2331 1154 2394 l’,

222 2439 451 2526 Multifluisque
474 2441 556 2505 diem
576 2445 681 2506 verbis
703 2441 847 2506 ducendo
871 2443 1011 2522 fatigant.

489 2551 626 2633 psitacus
651 2553 746 2617 leoni.

214 2655 1136 2742 ‘Noncapiamquicquamrediens,neclaeseroquemquam,

218 2766 305 2828 Dum
327 2778 416 2830 vacat
436 2786 510 2846 ergo
529 2768 598 2846 tibi,
618 2770 685 2831 sine
706 2789 799 2831 causa
818 2768 926 2833 vivere
945 2768 1023 2846 noli,

115 2878 197 2937 1055
220 2872 322 2959 Quod
339 2872 451 2953 cupide
475 2877 579 2954 poscis
600 2890 723 2940 mature
744 2880 837 2960 plene
857 2879 1023 2960 relinquis.

218 2982 313 3044 Disce
334 2983 428 3044 miser
447 2981 593 3063 tandem,
620 2987 647 3047 si
668 2987 715 3050 vis
738 2999 936 3050 contemnere
960 2998 1102 3063 mortem,

220 3088 313 3167 Quod
337 3113 393 3153 ceu
416 3092 475 3156 llos
498 3094 586 3156 foeni
613 3096 656 3156 sic
680 3098 782 3158 omnis
806 3097 906 3176 gloria
926 3095 1046 3158 mundi.

217 3198 284 3262 Cur
304 3201 362 3263 tibi
384 3202 484 3265 credis
506 3225 599 3284 opes,
618 3227 675 3268 cur
694 3227 804 3269 coecos
824 3207 949 3290 quaeris
970 3202 1133 3281 honores?

215 3305 282 3369 Cur
300 3309 436 3389 putridis
455 3315 584 3378 multam
606 3327 637 3375 te
661 3316 763 3379 nutris
783 3317 943 3380 vermibus
966 3312 1090 3377 escam?

110 3419 194 3476 1060
214 3414 309 3480 Hunc
325 3417 426 3499 diligis
439 3422 592 3484 mundum
602 3469 611 3502 ,
630 3429 796 3506 proprium
815 3427 871 3510 qul
887 3425 965 3487 fallit
982 3424 1135 3485 amicum.’

519 3535 570 3595 leo
591 3535 719 3615 spitaco.
777 3614 784 3625 ὁ

214 3630 317 3708 ‘Quod
330 3633 384 3698 das
400 3639 575 3718 concilium,
588 3664 652 3724 quo
668 3646 785 3724 possim
800 3642 953 3723 prendere
965 3635 1132 3702 somnum?

215 3739 304 3817 Quae
324 3745 402 3807 mihi
424 3761 497 3810 sunt
516 3770 624 3829 regno,
642 3751 761 3815 vadens
783 3751 856 3810 hinc
879 3746 988 3810 desero
1012 3736 1139 3824 pardo.'

172 3982 253 4033 1015
271 3983 398 4038 existlbus
419 3989 449 4040 Α.
525 3992 593 4043 1044
607 3993 738 4071 ‘exprobat
751 3994 790 4044 «A.

180 4074 248 4130 5101
273 4072 408 4128 ltlcdolus
428 4082 457 4130 Α.
532 4083 601 4132 1058
622 4083 704 4135 lesere
728 4087 759 4135 A.
