2640 4650
291 346 303 356 .
340 237 663 387 nuouutnn·
691 284 922 399 fragm.lt111.
1023 309 1027 313 ·
1085 289 1148 356 1ss

131 401 1144 427 *M*-

130 530 171 584 ⁵5
213 521 305 582 Miles
330 514 472 599 ridebat,
494 522 582 600 plebs
605 531 707 580 cetera
730 531 839 580 cuncta
861 519 1014 598 stupebat.

215 633 305 692 Tunc
328 629 407 693 dixit
429 629 575 692 demina:
611 630 670 688 ‘res
691 617 832 690 cernitur
853 629 931 689 haec
952 627 1030 689 mihi
1053 626 1152 688 mira!
1275 669 1277 672 >

214 740 306 802 Miles
328 742 387 801 ait:
422 741 509 799 ‘furti
533 738 617 798 canis
640 749 685 797 est
708 738 759 797 hie
781 739 922 800 conscius
944 737 1006 800 isti.
1089 752 1091 761 ’

221 846 314 922 Quod
335 847 506 924 furabaris,
529 847 590 906 uisi
612 843 802 921 reddideris,
824 839 985 905 morieris!
1006 858 1010 866 ’

209 950 327 1036 'Vade,
351 960 398 1021 fer
419 959 452 1019 in
476 953 614 1017 medium
636 954 723 1036 quod
744 955 845 1015 fecisti
867 954 928 1016 cito
952 955 1090 1016 furtum?

137 1075 178 1128 60
222 1067 362 1129 Currens
386 1071 503 1149 absque
525 1085 614 1126 mora
636 1064 742 1124 retulit
765 1064 896 1124 calcaria
918 1063 1005 1142 bina,

223 1176 346 1253 ‘Haec,’
368 1175 425 1236 ait:
457 1176 486 1233 ‘a
506 1174 582 1234 sella
602 1168 759 1231 denodari
779 1169 873 1231 modo
895 1172 1029 1246 vestra,

223 1287 314 1347 Tunc
335 1285 380 1346 ibi
402 1302 494 1343 nemo
518 1279 760 1343 fuit·viverrtu1n
795 1301 950 1362 nemoque
971 1280 1060 1357 vidit,

158 1408 161 1414 '
223 1394 312 1455 Neve
335 1390 420 1451 canis
440 1389 549 1467 sciret,
577 1389 768 1468 adaemoue
790 1390 823 1448 ni
845 1388 1009 1452 didicisset.

223 1503 316 1563 Miles
338 1498 397 1562 ait:
429 1497 499 1575 ‘sibi
520 1496 569 1579 da,
592 1517 701 1558 cernas
726 1498 774 1559 cui
797 1501 947 1578 praebeat
968 1500 1041 1562 illa.'
1149 1538 1162 1567 .

141 1620 182 1676 65
226 1610 315 1687 Quae
336 1611 396 1672 sibi
417 1607 594 1686 dum'jecit,
617 1587 703 1685 cujus
727 1608 852 1669 lucrant
875 1630 911 1669 ea
931 1607 1044 1673 reddit.

42 1733 46 1737 ’
125 1785 127 1789 ,
224 1719 285 1781 Hic
308 1718 449 1801 dixitque
473 1719 561 1779 caui:
595 1721 689 1780 ‘nunc
709 1718 763 1780 illa
783 1719 901 1780 referto
926 1718 1046 1781 sodali?

224 1827 313 1904 Quae
336 1826 388 1889 dat
410 1829 559 1889 scutiferc
582 1825 711 1887 caudam
733 1847 883 1909 persaepe
904 1824 1075 1906 menende.

223 1938 314 1998 ‘Ante
337 1935 433 2016 pedes
452 1935 552 1996 cadite
577 1935 675 2011 luris,
696 1937 885 2017 veniamque
906 1936 1035 2015 rogate!

225 2043 290 2118 Qui
309 2064 342 2104 se
364 2045 549 2123 prostravit,
572 2055 664 2121 caput
685 2043 783 2122 inque
805 2043 900 2123 pedes
923 2044 984 2104 sibi
1002 2043 1104 2124 ponit,

146 2162 186 2216 70
228 2153 268 2214 Et
289 2152 388 2215 ueluti
410 2150 500 2210 fleret
512 2195 520 2226 ,
541 2149 667 2210 veniam
694 2168 827 2228 poscens
848 2152 991 2216 ululavit.

232 2252 337 2324 ‘Ndnc
361 2272 397 2320 tu
421 2257 487 2320 dic:
508 2259 618 2336 “surge
640 2260 691 2320 vel
713 2258 804 2320 amici
826 2261 922 2335 simus
946 2274 982 2322 ut
1003 2266 1103 2326 ante.’‘

174 2409 179 2417 ·
226 2369 320 2448 Quod
343 2352 413 2431 cum
435 2368 571 2447 dixisset,
592 2365 726 2448 surgens
739 2370 822 2430 cauis
842 2354 1047 2451 exhilarescit,
1090 2368 1097 2374 ’
1188 2430 1190 2435 ,

224 2465 426 2561 Nunc'hunc,
443 2502 528 2543 nunc
541 2479 696 2558 dominos,
716 2501 801 2563 nunc
815 2481 966 2560 gratificat
979 2480 1160 2561 residentes.

224 2593 316 2656 Miles
339 2596 398 2658 ait:
420 2596 568 2657 ‘vestrum
594 2591 655 2656 sibi
676 2590 747 2674 quis
767 2591 921 2672 captando
940 2593 1096 2672 capillum,

140 2708 179 2768 75
221 2704 361 2785 Accipiat
380 2705 548 2780 baculum,
575 2703 661 2764 velut
682 2691 862 2764 ulciscendo
884 2705 1025 2764 reatum.'

222 2811 317 2889 Quod
342 2812 405 2874 duo
429 2812 503 2874 dum
526 2810 646 2872 iaciunt
665 2812 733 2873 ‘cur
755 2808 953 2879 furabarisl’
974 2826 1004 2875 et
1031 2817 1127 2892 ajunt,

222 2918 385 2982 lusiliebat
408 2941 461 2982 eos
488 2919 589 2996 canis,
611 2918 696 2979 huuc
717 2920 755 2980 ab
775 2921 882 3004 eisque
903 2921 1045 3001 redemit,

186 3029 190 3041 '
226 3025 378 3090 blordens
401 3027 434 3087 in
457 3047 544 3097 suras
566 3028 636 3088 illes
658 3028 788 3089 nimium
810 3028 973 3108 dolituros,

228 3136 281 3200 Sic
301 3156 334 3198 se
354 3137 465 3197 lusisse
488 3156 558 3196 cum
581 3155 645 3216 quo
666 3137 901 3215 praepacifieiat‘
916 3160 959 3201 se.

143 3255 183 3310 80
226 3243 360 3322 Quidam
384 3244 547 3323 ridebant,
572 3242 699 3325 quidam
723 3244 816 3304 nimis
839 3244 912 3306 inde
943 3249 1120 3330 stupebant.
1210 3272 1215 3284 ¹

180 3346 182 3351 ¹
226 3346 362 3418 Prandia
385 3377 456 3417 cum
480 3375 576 3416 coena
599 3354 641 3416 sic
667 3367 714 3416 sat
734 3353 815 3416 fiunt
837 3357 994 3440 operiente.

227 3466 360 3528 Fercula
382 3477 455 3546 post
480 3465 599 3542 multa,
621 3475 692 3545 post
714 3466 827 3544 porcils
850 3479 911 3526 tam
933 3487 1100 3532 numerosa
1162 3490 1166 3509 ·

226 3574 361 3658 Limpba
388 3575 498 3654 datur3
519 3572 676 3636 modicum
694 3572 850 3636 residetur
872 3574 947 3639 dum
968 3579 1140 3643 biberetur.

224 3683 363 3765 Tempus
384 3690 551 3764 pomerum
575 3705 640 3745 non
664 3697 738 3745 tunc
759 3686 818 3748 fuit
840 3689 1058 3767 ulligenorum,

144 3797 184 3850 85
228 3790 271 3852 Ni
292 3792 385 3874 pueri
408 3793 555 3870 veniunt,
586 3790 624 3853 de
645 3791 723 3856 silva
743 3795 830 3873 fraga
850 3794 994 3856 ferebant

230 3895 390 3971 Quaedam
410 3922 482 3982 pars
503 3902 594 3976 vasis,
616 3920 689 3981 pars
712 3904 878 3965 corticibus
900 3903 1047 3985 corilinis,

230 4001 318 4076 Quae
341 4007 517 4086 singillatim
539 4012 680 4088 legerunt
701 4007 841 4090 undique
858 4010 983 4091 passim.

230 4109 288 4172 His
310 4113 370 4175 esis
392 4133 499 4177 mensa
520 4132 717 4196 removetur,
739 4118 874 4179 sumitur
895 4117 984 4201 aquaj
1046 4143 1049 4150 ¹
