2640 4650
484 284 859 399 wlndusutus.

269 534 406 598 Saltibus
428 526 566 597 assaretur
589 536 702 596 latinus
724 533 802 594 milri
824 533 942 616 quippe
962 533 1098 600 videris?

268 648 387 728 llleque
409 646 531 707 sublato
554 642 639 705 dedit
664 645 741 703 llaec
763 663 914 727 responsa
938 646 1090 708 cachinno

165 763 225 818 765
260 753 399 816 '‘Celtica
419 755 525 832 lingua
545 754 661 832 probat
683 763 713 811 te
737 771 777 811 ex
797 751 851 811 illa
873 764 964 829 gente
985 765 1138 832 creatum,

266 864 328 927 Cui
348 877 459 925 natura
482 860 567 923 dedit
587 860 726 941 reliquas
747 858 885 922 ludendo
906 861 1040 941 praeire.

266 975 325 1048 At,
352 973 379 1034 si
400 984 432 1033 te
453 970 586 1052 propius
606 969 783 1029 venientem
808 968 934 1030 dextera
956 983 1063 1033 nostra
1167 981 1173 985 ’

214 1133 220 1144 .
262 1083 417 1159 Attingat,
434 1091 520 1160 ‹post
541 1076 721 1139 Saxonibus
742 1096 916 1138 memorare
938 1079 1074 1155 valebis,

265 1191 312 1251 Te
335 1211 420 1251 nunc
443 1189 476 1248 in
495 1188 622 1263 Vosago
644 1184 732 1245 fauni
753 1185 906 1246 fantasma
928 1184 1053 1249 videre?

160 1282 224 1357 ’770
267 1297 476 1378 ‘Attemplabo
489 1293 635 1377 quidem,
651 1293 726 1375 quid
744 1292 799 1355 sis'
820 1293 957 1356 Ekevrid
973 1296 1031 1372 ait,
1052 1317 1091 1357 ex
1107 1317 1182 1359 ntox

268 1405 431 1467 Ferratam
451 1423 581 1464 cornum
602 1402 737 1481 graviter
759 1403 840 1480 jacit.
882 1403 936 1465 illa
957 1416 1078 1467 retorto

268 1514 387 1578 Emicat
409 1528 550 1593 amente,
579 1536 673 1599 quarn
694 1497 792 1576 durus
813 1516 948 1593 fregerat
968 1517 1075 1578 umbo.

268 1624 465 1692 Waltharius
488 1639 598 1688 contra
620 1623 783 1706 respondit
805 1622 932 1705 cuspide
954 1625 1049 1687 missa

265 1734 367 1795 ‘Haec
388 1735 445 1796 tibi
469 1736 609 1796 silnanus
630 1735 804 1814 transponit
825 1755 955 1796 munera
976 1735 1101 1798 faunus.

160 1846 221 1902 775
265 1842 394 1924 Aspice,
423 1865 504 1909 num,
520 1863 607 1920 mage
628 1843 667 1902 sit
687 1842 785 1902 telum
804 1838 998 1923 penetrabile
1020 1850 1182 1910 nostrum?

263 1950 386 2013 Lancea
407 1953 535 2013 taurino
559 1961 740 2013 contextum
762 1960 886 2026 tergore
910 1951 1030 2030 lignum

265 2058 406 2134 Diffidit,
436 2081 472 2119 ac
494 2059 631 2118 tunicam
655 2055 797 2118 scindens
819 2057 970 2133 pulmone
991 2056 1117 2120 resedit.

263 2166 414 2227 Volvitur
435 2164 547 2225 infelix
568 2160 723 2240 Ekevrid‚
750 2160 918 2242 rivumque
940 2163 1061 2225 cruoris

266 2269 408 2347 Evomit‚
438 2291 477 2332 en
500 2284 633 2334 mortem
654 2270 776 2353 fugiens
800 2266 933 2335 incurrit
954 2269 1097 2338 eandem.
1175 2341 1184 2362 χ

161 2384 222 2440 780
267 2376 363 2457 Cujus
378 2399 493 2462 equum
514 2384 637 2459 juvenis
656 2396 726 2465 post
741 2395 861 2464 tergum
877 2382 909 2444 in
924 2405 1052 2464 gramen
1069 2385 1180 2468 abegit.

261 2489 290 2550 T
292 2511 351 2551 tunc
374 2512 392 2551 a
413 2491 590 2558 Guntbario
613 2494 747 2576 clipeum
772 2494 833 2565 sibi
853 2497 991 2575 postulat
1011 2497 1115 2577 ipsum

262 2598 398 2674 Quintus
419 2605 458 2665 ab
482 2602 591 2666 inflato
615 2602 827 2667 Hadawartus
848 2615 976 2685 pectore
997 2608 1095 2669 lusus.

260 2707 323 2784 Qui
343 2729 478 2790 pergens
498 2713 619 2773 hastam
641 2712 733 2773 sociis
755 2711 872 2775 dimisit
892 2711 1084 2792 habendam,

261 2817 376 2879 Audax
399 2821 432 2879 in
455 2822 556 2883 solum
578 2820 714 2884 confisus
737 2806 873 2883 inaniter
894 2843 1012 2884 ensem.

157 2934 217 2987 785
259 2928 299 2988 Et
321 2925 395 2989 dcun
408 2929 612 3008 conspiceret
633 2927 750 3005 dejecta
772 2927 923 2992 cadavera
943 2943 1040 2993 totam

264 3033 461 3117 conclusisse
482 3038 581 3109 viam,
610 3056 667 3094 nec
690 3056 806 3115 equum
827 3037 960 3097 transire
982 3041 1102 3115 valere,

263 3138 422 3201 Desiliens
444 3152 534 3220 parat
555 3141 601 3201 ire
627 3138 729 3219 pedes.
781 3144 863 3203 stetit
883 3163 954 3205 acer
975 3144 1007 3204 in
1031 3146 1125 3207 armis

263 3248 470 3325 waltharius,
490 3246 660 3331 laudatque
674 3248 793 3326 virum,
813 3252 869 3333 qui
883 3254 1030 3334 praebuit
1044 3275 1177 3338 aequam

262 3353 427 3434 Pugnandi
446 3368 572 3419 sortem.
614 3353 826 3420 Hadawartus
846 3357 925 3420 dixit
947 3358 986 3422 ad
1007 3361 1096 3425 illurn

155 3472 217 3527 790
238 3464 305 3529 .‘0
326 3480 451 3530 versute
465 3444 570 3542 dolis,
599 3479 630 3528 et
653 3465 771 3528 fraudis
793 3471 915 3532 conscie
937 3471 1084 3554 serpens!

259 3572 422 3638 Occultare
445 3589 528 3638 artus
551 3594 718 3658 squamoso
731 3577 873 3656 ‘tegmine
893 3592 1018 3657 suetus,

222 3762 276 3810 700
300 3758 415 3824 reliquos
439 3759 470 3812 C.
489 3758 521 3813 u.
582 3763 635 3811 770
660 3755 793 3809 attentabo
817 3757 848 3810 G.
910 3762 964 3811 778
987 3768 1117 3836 ammento
1142 3763 1172 3814 Α.

151 3852 204 3901 778
230 3848 339 3902 fidenter
361 3849 468 3916 protulit
492 3849 542 3910 ista
560 3850 590 3902 A.
651 3849 705 3899 774
730 3849 892 3915 transpondit
912 3853 941 3905 Α.
956 3852 987 3906 C.
1049 3857 1102 3908 788
1123 3852 1171 3904 hs-

152 3920 292 3990 deunsrtus
310 3939 341 3992 A.
370 3937 538 3990 badavardus
556 3938 589 3990 Β.
651 3942 704 3989 785
724 3939 768 4004 qut
787 3939 818 3991 C.
877 3946 930 3992 787
954 3943 1006 3993 alle
1026 3941 1076 3994 lise.
1094 3943 1172 3996 dissi·

151 4028 225 4081 liene.
281 4031 334 4078 787
352 4029 418 4094 petit
436 4032 466 4081 Α.
480 4028 512 4082 C.
561 4032 615 4080 788
631 4043 743 4096 aequum
761 4030 793 4085 C.
843 4034 897 4083 789
916 4029 1047 4084 badnwsrt
1065 4038 1119 4087 tum
1137 4033 1170 4085 Β.

152 4116 324 4170 luadavsrtum
340 4117 373 4172 E.
428 4122 482 4170 790
498 4135 530 4172 ac
548 4119 580 4172 B.
634 4122 684 4172 781
709 4125 794 4172 astum
814 4120 843 4174 ll.
871 4125 952 4173 artem
970 4120 1001 4174 (2.
