2640 4650
501 278 755 354 ECBASIS.
962 356 971 378 ‚
1072 295 1136 360 275

116 527 177 583 925
222 521 265 584 Hi
287 521 424 584 lacrimis
448 517 589 594 humidi,
609 530 711 578 terrae
733 513 771 576 de
792 516 922 595 pulvere
941 516 1038 598 foedi,

224 603 304 694 Cum
327 635 412 708 jussu
436 629 526 711 pardi
547 624 667 694 uadunt
687 624 781 687 simul
802 644 893 686 anius
917 627 1016 690 lavari

175 756 177 761 ·
221 739 372 802 Cantores
393 739 489 816 socii,
511 734 643 799 Girinda
666 733 796 796 flumina
815 733 883 810 loti,
908 774 912 780 -

222 850 309 912 Dum
331 847 504 930 repedant,
525 865 614 926 reges
633 844 726 907 binos
748 841 823 904 dum
846 843 1097 925 macrocosmus,

221 956 295 1039 Udi,
316 959 425 1038 jejuni,
447 955 529 1019 dicto
552 954 591 1016 de
615 953 753 1027 carmine
774 953 858 1033 lessi,

116 1074 178 1129 930
220 1068 308 1130 Voto
331 1065 491 1130 communi
512 1061 727 1126 conscendunt
746 1064 863 1125 robora
883 1062 959 1143 fagi.

184 1208 187 1213 ·
223 1179 311 1239 Dum
332 1194 454 1258 pennas
477 1179 598 1254 aptant,
622 1171 746 1250 plumas
767 1191 807 1233 ex
827 1172 895 1232 sole
910 1172 1095 1254 reformant,

221 1283 361 1344 Psitacus
383 1281 535 1355 accurrit,
563 1295 665 1356 regem
687 1275 870 1357 resipiscere
890 1279 1027 1358 quaerit5

224 1390 341 1469 Cignus
363 1387 450 1450 adest
471 1387 563 1448 etiam
585 1385 759 1463 languentis
780 1383 898 1447 discere
919 1386 1027 1450 uitam.

226 1495 386 1559 Scrutanti
404 1496 503 1557 multa
524 1490 695 1574 respondet
716 1491 839 1558 avicula
866 1503 978 1554 tantar·
1024 1492 1030 1502 ”

115 1613 177 1670 935
204 1600 330 1681 v‘Parca
352 1605 548 1685 resurgentis
570 1597 795 1663 celebrandum
815 1611 863 1662 est
886 1599 1016 1663 aedibus
1037 1603 1107 1667 altis

219 1711 298 1789 Quis
319 1702 388 1774 bini
408 1734 496 1793 reges
517 1708 674 1784 resident,
693 1729 764 1770 cum
787 1709 886 1770 milite
906 1707 1072 1791 prandent,

222 1822 292 1884 Vos
312 1839 390 1899 rogo
413 1802 579 1881 nobiscum
599 1818 725 1882 solvatis
753 1815 867 1897 gaudia
890 1818 1026 1881 uocum?

439 2003 445 2013 x
542 1937 701 2007 psylacus.
1024 1934 1027 1940 '

224 2032 339 2094 ‘Causa
360 2050 497 2113 namque
517 2032 716 2110 tut‘patarer
737 2028 917 2093 discrimina
937 2034 1024 2111 belli,

223 2136 396 2199 Dauidicae
418 2137 571 2212 citharae,
591 2133 758 2196 melodiam
780 2156 957 2221 prosequar
974 2140 1053 2222 ipse.

10 2259 16 2277 >
115 2246 177 2307 940
221 2245 454 2306 lmminuentur
477 2251 565 2306 atrae
585 2245 709 2306 solenni
731 2247 868 2308 carmine
889 2267 992 2326 curae,

219 2354 270 2415 Tu
292 2365 397 2417 tamen
417 2353 566 2437 incipias,
589 2367 682 2417 cantu
703 2354 860 2437 superabo
881 2355 1031 2439 syrenas.'
1067 2386 1069 2389 ·

204 2461 206 2465 ’
247 2472 250 2478 ’
299 2456 316 2475 ”
563 2463 710 2544 cignus·
754 2442 760 2450 “
807 2471 810 2484 ’
897 2515 901 2526 ,

212 2564 337 2641 ‘Olane
351 2591 448 2650 genua
469 2571 637 2634 hominum
658 2572 782 2637 vincam
807 2573 952 2652 clangore
971 2574 1130 2652 tubarum,

190 2668 291 2742 silton
308 2684 398 2758 Jsrxta
419 2681 547 2742 solitum
571 2681 766 2745 Francorum
789 2682 1029 2760 corniferorum,
1088 2738 1089 2741 ,

191 2806 202 2823 ··
214 2785 271 2851 Es't
281 2784 360 2849 inihi
371 2788 572 2867 psalterium,
594 2787 680 2869 quod
695 2800 763 2851 erat
774 2787 879 2852 David
891 2786 1132 2870 decachordum,

111 2897 172 2957 945
217 2879 325 2974 Asaph
348 2916 398 2956 me
422 2893 545 2972 docuit,
578 2898 634 2977 qui
655 2898 791 2977 psalmos
813 2895 930 2975 fingere
949 2899 1039 2977 juvit,

10 2991 19 3001 ’
218 3001 327 3085 incipe
333 3003 392 3082 ‚si
413 3002 491 3086 quid
514 3004 627 3080 habes,
655 3005 793 3084 pascales
814 3006 938 3087 psallito
959 3003 1089 3074 laudes'

262 3124 265 3129 ’
512 3116 709 3198 philomela.

188 3219 279 3296 “Est
303 3221 377 3283 hinc
397 3223 490 3304 longa
512 3226 582 3303 via,
603 3235 666 3308 qua
687 3223 891 3306 perveniatur
910 3221 951 3288 ad
970 3235 1105 3308 annum,

215 3331 299 3394 llinc
321 3353 430 3394 cernes
455 3335 570 3397 summi
591 3334 754 3399 volitando
774 3333 912 3396 culmina
930 3332 1023 3398 tecti!

211 3441 369 3521 Flegmate
392 3440 522 3507 detersis
543 3444 654 3508 rostris
676 3455 834 3526 cantuque
856 3441 985 3525 paratis,
1129 3522 1133 3530 ⁸

110 3554 172 3610 950
216 3551 393 3613 Excutiuut
411 3553 537 3634 rapidas
560 3559 728 3632 conjuncto
750 3546 878 3616 loedere
899 3566 1030 3636 pennas.
1116 3551 1119 3554 ⁴

215 3654 290 3718 Nec·
305 3678 396 3720 mora
409 3665 628 3739 conveniunt,
648 3664 764 3744 pinnae
786 3664 907 3742 fastigia
926 3661 1096 3744 prendunt.

176 3832 178 3835 v
212 3765 345 3829 Praevia
365 3766 400 3828 fit
414 3769 545 3846 merula,
563 3766 664 3848 pardo
683 3770 775 3831 offert
789 3771 866 3831 haec
880 3790 965 3834 nova
979 3785 1127 3851 monstra,

212 3869 276 3947 Qui
298 3877 394 3954 surgit
417 3875 556 3952 subitus,
590 3877 1014 3959 longinquososculaturus:

109 4013 367 4036 w*

180 4109 233 4160 944
252 4107 449 4168 dechacordnm.
