2640 4650
140 254 204 320 ltt
379 250 692 319 uuonuttttt
734 249 929 340 nugulli.

1059 376 1176 395 —

224 484 311 545 lnter
330 503 431 565 equos
453 484 531 543 otttli
553 481 725 564 decapenta
743 482 793 545 bis
814 482 940 545 lalerati

227 594 264 652 lit
288 594 337 653 bis
360 591 513 674 quindeni
535 593 645 673 onagri
663 591 859 675 totidemque
884 592 1004 655 cameli

224 706 328 784 Atque
350 701 495 783 leopardi
514 702 629 781 gemini
650 701 782 785 binique
804 704 924 777 leones,

224 810 262 872 Et
284 812 399 890 pariles
421 810 488 870 ursi
506 811 564 891 qui
584 811 698 871 fratres
718 824 791 872 sunt
810 809 939 885 uterini,

143 926 184 979 85
230 918 371 983 Omnino
395 919 479 979 nivei
499 920 620 997 gambis
641 919 837 1002 pedibusque
859 918 979 998 nigelli,

227 1028 291 1103 Oui
311 1048 367 1089 vas
390 1016 559 1103 tollebant,
590 1042 625 1090 ut
648 1029 762 1105 ltomo,
789 1027 985 1111 bipedesque
1007 1034 1184 1111 gerebant,

225 1138 319 1199 lllimi
341 1135 470 1220 quando
492 1135 570 1198 fides
592 1136 695 1218 digitis
724 1149 855 1217 tangunt
882 1136 1109 1223 modulantes,

226 1248 279 1308 llli
300 1248 477 1321 saltabant,
500 1267 627 1309 neumas
649 1245 783 1326 pedibus
804 1246 981 1312 variabant.

229 1356 392 1418 Interdum
417 1357 532 1418 saliunt
553 1377 683 1439 seseque
706 1376 803 1436 super
828 1357 997 1433 jaciebant.

142 1472 183 1525 90
227 1466 422 1527 Alterutrum
449 1465 546 1530 dorso
568 1487 601 1527 se
622 1469 792 1547 portabant
818 1464 990 1529 residendo

227 1576 448 1657 Amplexando
470 1598 523 1653 se,
544 1575 692 1637 luctando
716 1575 853 1637 deiciunt
875 1596 920 1638 se.

232 1685 312 1746 (Tum
336 1687 425 1765 plebs
449 1688 613 1747 altisonam
637 1686 709 1747 lecit
731 1685 872 1767 gyrando
894 1688 1060 1767 choreum,

226 1795 403 1853 Accurrrtnt
425 1805 454 1853 et
477 1814 510 1855 se
532 1795 717 1855 mulieribus
743 1796 933 1875 applicuere,

228 1900 318 1977 Quae
342 1904 450 1983 gracili
472 1924 547 1965 voce
570 1904 750 1965 cecinerunt
778 1905 935 1983 deliciose,

26 2012 183 2072 tortores
228 2012 421 2094 lusertisque
442 2012 506 2074 suis
527 2012 639 2074 harum
665 2013 811 2075 manibus
835 2014 985 2094 speciosis

223 2120 329 2182 Erecti
348 2122 468 2183 calcant
489 2120 732 2204 pedetemptim,
752 2142 914 2183 murmure
936 2120 1089 2200 triusant,

223 2229 268 2292 L't
289 2231 498 2310 mirarentur,
532 2234 576 2294 ibi
599 2233 714 2293 circum
737 2232 793 2314 qui
814 2229 1034 2312 graderentur,

222 2338 297 2401 Non
320 2340 515 2417 irascuntur,
540 2340 690 2423 quicquid
718 2342 792 2404 moll
812 2350 1006 2423 paterentur.

224 2449 359 2528 Insuper
382 2461 413 2509 et
433 2452 559 2530 lyncum
573 2447 612 2510 de
633 2452 728 2532 vulpe
749 2453 888 2532 lupoque
909 2461 1048 2511 creatum

142 2564 203 2620 100
230 2556 400 2620 Addiderat
425 2557 533 2636 donis,
555 2581 668 2641 expers
691 2559 779 2643 quod
800 2580 865 2621 non
887 2558 927 2619 sit
952 2558 1103 2639 lionoris,

223 2670 298 2747 Ejus
320 2671 359 2730 ab
384 2670 475 2731 urina
496 2671 571 2752 quia
595 2668 705 2731 crescit
725 2667 828 2731 lucida
850 2687 981 2747 gemma,

222 2777 347 2840 Ardeus
368 2780 518 2859 ligurius,
542 2780 750 2841 carbunculus
775 2793 809 2841 ut
828 2781 997 2858 pretiosus.

224 2886 367 2964 Qualiter
386 2889 413 2951 is
432 2887 502 2965 fiat,
525 2889 620 2950 libeat
644 2908 738 2971 quem
760 2886 896 2966 discere,
924 2886 1033 2950 discat.

223 3060 289 3154 Ex
310 3091 398 3154 ferro
420 3090 524 3153 clavos
547 3087 604 3149 tibi
625 3089 673 3150 sac
696 3087 851 3150 fabricare
872 3097 1055 3169 quaternos,

142 3210 203 3267 105
225 3204 261 3264 ln
285 3205 348 3263 lata
372 3203 482 3263 butina
515 3222 595 3284 quos
619 3199 696 3280 fige,
720 3200 825 3262 bisin
850 3200 920 3262 loco
941 3198 1018 3259 bina

222 3311 361 3372 Fortiter
382 3309 556 3388 inpellens,
588 3309 721 3369 evellere
752 3306 823 3388 quis
854 3320 948 3390 queat
968 3308 1046 3369 haut
1068 3331 1168 3392 quos,

220 3418 256 3477 ln
277 3413 382 3477 medio
404 3414 533 3477 butinao
554 3416 705 3478 terebello
727 3417 839 3499 lacque
861 3416 1015 3493 foramen,

220 3525 256 3586 In
282 3544 376 3606 quom
397 3543 480 3602 pone
502 3523 617 3599 feram,
639 3523 709 3586 licet
737 3527 907 3590 iuvitamve
932 3526 1096 3606 rebellem,

220 3631 269 3694 Ad
293 3634 461 3712 clavosque
483 3631 578 3714 pedes
600 3633 718 3694 vincire
741 3635 801 3696 sibi
822 3635 904 3695 bene
925 3652 1025 3712 cures,

138 3749 198 3806 tto
219 3741 259 3805 Et
281 3742 362 3803 circa
384 3742 499 3803 collum
522 3762 635 3803 nexam
658 3740 814 3825 suspende
837 3755 989 3818 catenam,

140 3910 418 3928 3—1—

205 3994 249 4044 st.
267 3993 314 4043 82.
332 3991 367 4040 03
398 3983 491 4039 verber
507 3986 583 4040 stand
602 3985 636 4039 im
655 3988 787 4042 accusatis·
806 3986 901 4047 mulos,
926 4003 1050 4060 onagros,
1067 4002 1160 4040 come-

135 4081 189 4139 los‚
209 4079 350 4151 leopardos
367 4086 418 4135 etc.
