2640 4650
394 300 698 374 nvonnlnss
725 300 861 389 drogon
879 300 917 366 V.
1099 296 1161 365 165

228 542 324 607 Miles
344 552 380 604 ut
400 538 545 616 introvit,
573 538 629 601 ubi
649 549 696 601 tot
716 539 801 601 bona
823 514 1031 617 repperiebet,

227 655 347 735 Rufus,
368 673 424 715 our
440 652 567 726 subeat,
588 660 679 719 vetus¹
701 659 747 709 est
767 647 824 709 ubi
845 641 958 709 simiai
986 643 1075 710 dixit.

228 763 322 828 Miles
341 762 400 826 eit:
423 760 530 823 ‘velles
552 757 683 820 meeum’
704 766 777 836 post
798 755 905 817 forsan
925 774 1046 819 orares.

145 881 186 936 30
229 869 332 948 ‘Quod
350 868 438 937 volui
457 868 580 949 reperi,
603 863 658 929 sed
679 862 765 947 quod
787 875 822 925 tu
845 863 970 947 qnaeris
990 863 1142 928 habebis?
1201 942 1203 949 Ι

224 983 386 1065 densantes
408 977 501 1043 multi
519 975 606 1039 Rufo
627 984 702 1057 sunt
724 973 886 1051 consiliati,

226 1091 360 1155 Deserat
379 1090 458 1151 haut
476 1085 621 1151 comitem
771 1125 780 1143 .
825 1129 833 1146 .
878 1125 887 1143 .

229 1199 301 1281 [Ast
323 1195 545 1278 dedig]nanter
565 1192 706 1257 discessit
729 1195 768 1254 ob
805 1188 1110 1276 hoo-properanter,
1161 1213 1274 1274 forms,

231 1306 312 1387 [dam
332 1304 468 1388 praeter]
498 1316 620 1385 neptem
643 1300 689 1362 nil
708 1312 856 1362 nacturus
877 1299 939 1362 nisi
959 1315 1103 1366 mortem.

147 1425 190 1482 35
235 1416 344 1499 [Irruit
366 1415 415 1495 in}
435 1425 558 1498 portem
579 1396 711 1475 senioris
734 1430 807 1490 sepe
829 1422 973 1475 seratam.

232 1521 278 1606 [Is
302 1524 387 1588 stetit
407 1523 456 1604 in]
478 1535 581 1598 curte,
601 1520 757 1603 liberique
777 1519 826 1583 sui
849 1516 913 1583 duo
933 1541 1010 1602 pree
1033 1541 1077 1584 se.

232 1632 338 1717 [Tune
353 1631 471 1716 Rufus]
493 1636 599 1716 pulset
621 1632 764 1718 quatiens
786 1644 909 1712 portam
931 1630 1024 1694 nimis
1044 1634 1164 1719 inquit:

337 1795 346 1810 .
391 1789 400 1808 .
442 1744 548 1827 speri,
578 1743 632 1807 vel
649 1761 699 1803 me
722 1741 943 1823 praelioquere
963 1741 1050 1804 nolit

231 1853 388 1938 [Cumque
405 1853 517 1934 senex]
535 1852 618 1936 ‘quis
635 1852 675 1913 sit
696 1870 754 1932 per
774 1870 879 1931 sepem
894 1832 1059 1933 prdspiee,’
1077 1850 1166 1930 dixit,

148 1963 190 2025 4ο
232 1961 324 2046 [iiam
342 1959 445 2044 een]it
464 1975 494 2024 et
512 1961 628 2040 frangit
645 1960 790 2041 portem,’
810 1978 939 2021 currens
958 1979 1039 2039 puer
1052 1959 1166 2044 inquit,

232 2071 336 2132 Rufus
357 2071 418 2132 ait:
440 2066 572 2149 sponde,
592 2066 708 2146 rogitas
732 2070 990 2149 quesinescieris
1013 2071 1082 2134 me.’

237 2179 344 2257 [runo
364 2188 438 2239 sunt
461 2175 550 2255 i]rati
574 2179 705 2253 juvenes
726 2178 817 2238 nimis
841 2180 913 2267 irinc
933 2182 1125 2245 stomachati.

341 2330 350 2348 .
395 2329 404 2347 .
447 2283 529 2348 endo
550 2283 626 2347 meli
644 2285 733 2363 jubet
752 2285 799 2348 illi
819 2299 893 2350 tune
916 2289 1043 2371 aperiri.
1070 2310 1076 2317 ·

233 2393 350 2480 [Rufus
370 2391 553 2478 prthervs,
579 2393 673 2457 nimis
693 2395 884 2459 incursando
904 2401 1039 2478 superbe

149 2510 190 2573 45
233 2506 296 2588 [De
320 2503 434 2590 eapite]
458 2507 583 2580 mitram
605 2525 669 2570 non
693 2503 891 2587 deponebat,
925 2523 955 2571 et
978 2530 1094 2588 ensem,

232 2615 417 2700 [DesiiiJens
440 2619 481 2679 eb
504 2635 606 2698 equo,
627 2615 710 2677 freni
731 2616 801 2678 loro
823 2615 900 2680 sude
922 2624 1013 2700 jacto,

229 2717 436 2809 [stringensL
465 2726 595 2787 insanus
614 2745 689 2805 pree
711 2745 743 2787 se
762 2710 852 2789 stetit
865 2739 964 2810 utque
983 2730 1148 2811 profanus.

149 2853 183 2912 t:
232 2835 296 2900 Sed
316 2835 421 2899 Ruiue
442 2833 568 2898 tandem
590 2832 716 2896 rediens
738 2835 781 2897 ait
805 2833 850 2896 ad·
868 2838 1043 2902 seniorem:

231 2944 292 3024 ‘[Si
314 2965 372 3008 vos
392 2923 544 3025 n]oseatis
566 2964 616 3006 me
638 2945 752 3022 miror,
777 2946 862 3028 quod
885 2937 1039 3010 reticetis.²

152 3059 194 3114 50
237 3051 377 3135 ‘[Neseio
398 3051 484 3136 qui]s
506 3054 598 3130 sitis,'
615 3054 657 3117 ait
679 3055 723 3134 is,
747 3057 849 3118 ‘stulte
868 3056 941 3117 satis
963 3055 1014 3118 itis
1024 3057 1043 3132 ,¹

233 3160 371 3242 ‘[Nese'io
392 3161 474 3247 qui]s
495 3163 580 3242 sitis,
601 3186 685 3226 nune
704 3166 797 3226 nobis
818 3164 934 3246 quidve
953 3166 1067 3229 relisis

234 3269 312 3350 ‘[Est
333 3290 416 3333 uxor
439 3270 554 3352 vest]ra
570 3294 639 3355 mee
662 3274 762 3354 neptis
783 3273 874 3338 valde
899 3277 1079 3359 propinqua

231 3377 379 3443 Hene⁸ut
400 3384 584 3445 conveniam
607 3383 693 3445 solus
715 3384 883 3464 permittite
905 3386 1032 3456 solam),

231 3488 442 3571 ‘[Permitto],
461 3492 579 3563 facite?
603 3493 692 3569 jubet
710 3494 790 3554 hane
815 3494 854 3557 nd
876 3518 1011 3581 eumque
1033 3499 1151 3564 venire.

148 3601 189 3659 ⁵5
231 3593 367 3678 [Quaem
387 3600 517 3664 simules
538 3599 653 3679 vi]dit,
676 3601 790 3666 ardens
813 3605 845 3666 in
869 3605 963 3669 eorde
984 3610 1111 3689 c'upivit,

235 3705 412 3788 [Gaudean
433 3709 555 3781 arrisit,
577 3731 614 3772 ee
637 3710 836 3791 congaudens
859 3715 919 3777 sibi
940 3716 1017 3779 risit.

286 3861 295 3882 .
338 3861 347 3880 .
390 3840 445 3880 um
465 3818 588 3898 genitor
611 3819 668 3881 tibi
689 3820 819 3909 mandat
839 3826 891 3887 vel
912 3837 967 3886 tue
986 3820 1087 3888 meter

232 3929 246 3988 ἰ
284 3969 293 3989 .
338 3972 347 3990 .
388 3930 474 3992 solus
497 3927 600 3992 ubivis
623 3941 653 3991 et
675 3929 825 4016 quiequid
846 3934 947 3996 nlius?

63 4124 73 4131 ι
232 4033 302 4118 [Isti
322 4039 432 4120 ambo]
454 4051 530 4101 tunc
554 4051 635 4104 stant
656 4040 696 4105 ed
718 4064 822 4124 sepem
843 4064 939 4127 seque
959 4043 1122 4110 reclinent.

93 4204 97 4219 ,
148 4145 189 4200 60
232 4141 337 4206 Rufus
358 4146 418 4210 ait:
440 4138 663 4230 ‘primo'quae
686 4149 773 4231 dieo,
794 4148 889 4215 eorde
910 4162 1028 4229 notato,
