2640 4650
481 287 709 356 UNIBOS.

314 519 437 596 Quibus
460 524 559 602 placet
584 527 737 606 coemptio

315 632 388 692 Uno
408 631 527 709 signato
551 635 647 695 corio.

219 744 270 800 54.
315 740 399 800 Dicit
419 755 507 802 sutor
528 742 689 823 ‘qnantum
714 741 796 805 dabo

309 849 378 909 Hoc
400 869 458 928 pro
481 850 600 911 bovino
625 848 754 912 corio?’

311 954 487 1036 Respondit
508 963 607 1034 major
628 961 751 1021 subito:

312 1064 399 1125 ‘Tres
425 1068 520 1126 libras
544 1066 583 1126 da
606 1068 788 1129 continuoi'

261 1216 268 1231 .
312 1170 410 1232 Sutor
432 1175 535 1253 inquit
559 1176 602 1233 ‘es
626 1159 751 1250 ebrius‚’

311 1280 415 1356 Major
436 1280 478 1340 ait
498 1281 717 1358 ‘sumsfatuum

310 1389 360 1449 De
383 1389 482 1450 tribus
503 1388 592 1449 libris
612 1389 775 1449 minimum

310 1496 382 1558 Non
411 1495 561 1557 dimittam
586 1496 769 1559 denarium-²

261 1648 269 1666 .
311 1606 402 1666 Tunc
424 1604 491 1666 infit
515 1619 604 1667 sutor
628 1607 753 1668 setifer:

315 1715 358 1776 ‘Si
380 1714 456 1776 dicis
477 1716 676 1793 joculariter,’

311 1823 337 1885 Ε
361 1837 469 1887 contra
493 1829 593 1901 major
616 1824 768 1886 somnifer

312 1934 390 1994 Tres
411 1934 508 1993 libras
530 1936 640 1995 clamat
661 1934 802 1996 firmiter.

260 2083 269 2100 .
313 2039 458 2117 Vulgarie
481 2038 656 2099 ammiratio

307 2146 432 2207 Souoro
457 2168 531 2208 mox
552 2146 586 2207 fit
608 2147 640 2207 in
664 2147 736 2210 foro

308 2254 364 2316 Est
386 2257 497 2334 vulgus
518 2257 550 2316 iu
574 2257 767 2336 spectaculis,

309 2362 436 2424 Relictis
459 2366 679 2427 mercimoniis.

259 2516 266 2532 .
310 2473 360 2532 Ira
388 2484 560 2534 commotus
579 2475 745 2554 presbyter

313 2581 430 2657 Maiori
455 2581 528 2642 dicit
549 2581 690 2643 duriter:

311 2692 457 2766 ‘Insulse‚
482 2692 580 2752 nescis
601 2689 737 2752 vendere

308 2797 402 2873 Quod
426 2811 605 2879 praesentas
627 2798 678 2858 hic
700 2799 834 2877 publice.

259 2953 266 2968 .
309 2908 377 2967 Hac
399 2907 487 2966 hasta
511 2905 654 2967 discerno
675 2927 780 2967 meum

311 3015 421 3076 Trium
453 3015 605 3076 librarum
628 3015 769 3088 corium;

307 3123 416 3199 Solve,
439 3136 545 3202 sutor,
567 3124 804 3204 marsuppium,-

309 3230 431 3294 Audisti
452 3232 550 3294 fixum
576 3235 762 3295 numerum.’

254 3385 261 3401 .
304 3338 404 3415 Quam
428 3362 605 3403 mensuram
629 3341 804 3406 commercii

309 3451 431 3513 Profert
453 3471 562 3513 sensus
587 3452 773 3543 presbyteri,

304 3558 401 3621 Sutor
424 3560 598 3623 subinfert:
630 3561 765 3622 ‘stultior

305 3666 379 3726 Non
405 3671 504 3730 estin
528 3681 612 3729 terra
635 3667 791 3730 venditor.

256 3815 263 3832 .
306 3773 355 3831 De
377 3793 441 3852 qua
463 3774 526 3832 sint
546 3775 579 3832 hi
608 3773 798 3854 provincia?-

306 3881 419 3940 Dicant
442 3893 503 3942 tres
525 3883 557 3940 in
580 3885 765 3962 praesentia,

306 3986 369 4063 Qui
394 4000 504 4066 putant
526 3990 622 4051 boum
647 4003 771 4070 tergora

302 4095 491 4158 Divitiarum
513 4099 658 4162 maxime.
