2640 4650
169 270 232 335 luz
357 262 661 333 RUOIILIEB
704 260 822 349 Ica'gn.
837 263 895 329 XI.
917 263 994 330 XII.

171 510 212 561 80
254 544 264 561 .
309 542 318 559 .
362 543 372 559 .
417 544 426 559 .
468 521 515 559 sus
535 520 632 559 secum
650 496 721 577 serit
742 497 871 578 quitquid
891 501 977 564 alius.

261 650 269 666 .
313 651 322 669 .
367 652 377 669 .
419 651 428 666 .
466 609 563 689 pium
579 612 690 689 proprii
705 613 778 668 sewi
791 606 920 688 jandona
1067 610 1202 679 LXXII

652 987 711 1052 xl.

61 1164 192 1216 totmt
260 1122 404 1217 ‘One-iat
425 1154 596 1238 omniaque
641 1198 971 1217 .......

259 1264 350 1342 Quae
372 1287 444 1327 cum
465 1279 588 1347 tempus
610 1268 670 1326 erit
691 1262 750 1323 tibi
764 1260 871 1325 dicere
888 1279 1002 1327 cuncta
1024 1268 1145 1332 licebit.

261 1376 355 1438 Nunc
376 1378 541 1458 phalerare
563 1375 622 1438 tibi
641 1375 751 1451 jubeas
766 1373 898 1459 *unique
918 1376 1025 1439 clienti

261 1487 343 1548 Nam
386 1528 663 1548 ......
708 1485 933 1564 compatriotae

176 1603 196 1657 5
262 1595 398 1672 Quando
420 1595 574 1659 n'debunt
597 1607 647 1671 te,
674 1593 860 1656 devitabunt
879 1596 1006 1676 penitus
1024 1618 1087 1658 me.

262 1708 369 1768 Debes
390 1707 437 1767 ire
460 1703 606 1781 domum,
630 1705 657 1766 si
677 1706 718 1765 sit
738 1718 793 1766 tua
820 1706 921 1784 gratia
941 1710 1085 1771 mecum?

262 1815 324 1877 Cui
346 1837 401 1878 cor
422 1835 499 1877 mox
519 1816 661 1896 hylarat,
683 1835 760 1895 prae
781 1815 899 1879 laetitia
920 1837 1049 1902 quoque
1068 1816 1177 1883 flebat.

261 1923 410 2000 ‘Desine,
430 1925 520 1985 mileo
540 1924 582 1984 ait
584 1968 913 2003 .......

260 2033 451 2095 Scutiierum
487 2048 578 2097 vocat
636 2077 911 2097 ......

179 2147 220 2202 10
263 2144 367 2206 Ambo
399 2146 539 2206 scutiicri
584 2186 909 2206 .......

264 2251 327 2327 Oui
349 2275 425 2317 mox
454 2274 546 2317 accen
584 2232 587 2236 .
595 2295 917 2317 .......

263 2363 437 2425 ScutiIeros
468 2363 539 2425 dico
584 2402 615 2424 .·
636 2403 911 2424 ......

261 2475 363 2535 Cursu
389 2473 489 2535 veloci
509 2493 544 2533 re
580 2512 911 2535 .......

260 2579 384 2658 Quidve
406 2583 504 2643 volun
527 2622 904 2644 ........

180 2699 219 2755 15
261 2693 581 2755 Ne'....ser..
626 2734 635 2751 .
681 2738 689 2752 .
736 2733 744 2750 .
791 2732 799 2749 .
845 2731 908 2750 ..

648 3072 722 3138 XII.

68 3240 204 3310 t01.‘28b.1'
270 3216 340 3306 Eu
359 3244 405 3306 ibi
424 3240 655 3323 accretc'prope
676 3260 815 3305 secessus
856 3283 866 3300 .
905 3280 914 3296 ·
963 3289 971 3303 .
1013 3284 1022 3302 .

134 3433 138 3441 1
260 3359 296 3419 ln
320 3376 385 3439 quo
409 3367 485 3417 aunt
505 3354 585 3418 clavi
605 3357 713 3435 plures
727 3355 770 3421 ,in
792 3352 910 3435 pariete
930 3349 998 3429 fixi,

261 3464 358 3540 Quoia
382 3462 574 3546 suspendere
593 3483 645 3527 rec
666 3463 842 3546 potuissent
862 3482 1004 3545 quaeque
1026 3461 1155 3535 viantes,

258 3573 309 3637 Ne
329 3587 463 3635 noceant
481 3593 603 3651 morea,
625 3594 697 3635 cum
719 3591 785 3633 non
807 3569 936 3633 timeant
956 3569 1003 3631 ibi
1024 3568 1123 3631 futu.

177 3691 196 3746 5
261 3682 342 3744 Cum
361 3678 498 3743 dominic
520 3679 650 3745 domina
669 3680 764 3764 pedat
786 3679 826 3744 ad
847 3681 963 3743 colaria
986 3679 1078 3754 celsa,
1129 3739 1134 3748 ,

260 3790 331 3869 Qua
352 3791 475 3854 dicebat
495 3794 557 3855 cie:
586 3795 730 3855 ‘multum
751 3795 831 3855 bene
852 3812 937 3853 nunc
960 3786 1094 3854 veniatis
1103 3781 1122 3847 1²

259 3903 347 3966 Dum
368 3915 470 3983 grates
491 3906 651 3981 referunt,
680 3915 768 3983 rogat
789 3903 861 3963 illoc
884 3913 920 3962 ut
939 3898 1114 3962 reciderent

260 4018 365 4097 Atque
386 4018 565 4092 jocarentur
584 4011 618 4073 di
661 4053 927 4073 ......

259 4123 299 4185 Et
320 4125 381 4187 sibi
409 4143 488 4207 quoa
520 4123 637 4189 vellent
666 4123 714 4204 pia
757 4163 766 4182 .
811 4164 820 4181 .
