2640 4650
154 251 216 320 1³4
402 246 712 345 uuonntnts
756 244 932 335 fragmll.

237 478 337 557 Quem
361 479 454 541 timor
477 492 531 540 aut
554 499 643 541 amor
665 499 682 539 a
706 489 792 538 recto
815 476 973 540 divertere
999 498 1147 563 qnoque

236 591 310 653 Non
334 591 366 651 in
385 587 501 666 jttdicio
526 584 671 650 faciendo
692 589 841 666 praevalet
869 589 948 652 ullo·

237 700 353 761 Dicere
376 719 470 779 quem
494 719 553 778 pro
575 717 608 758 sc
631 695 738 757 dicunt
760 695 874 758 debere
895 709 1084 781 petuntque

156 815 196 872 15
238 808 274 869 ln
298 808 379 887 regis
401 808 482 870 velle
505 808 560 889 qui
583 804 689 868 dicens
714 806 850 868 maxime
875 818 969 882 stare,

242 917 319 996 Ejus
342 916 507 977 consilium
532 918 633 977 solum
657 927 764 977 monet
785 936 851 977 csse
873 916 1094 998 sequendum.

241 1026 333 1089 Rex:
364 1025 459 1087 ‘mini
481 1026 646 1087 consilinm
673 1025 822 1107 quoniam
844 1024 946 1087 sinitis
966 1027 1196 1109 tribuendum,

241 1136 349 1199 Restat
378 1149 412 1197 ιιι
434 1137 497 1196 ltuc
519 1136 645 1199 veniant
668 1136 762 1216 legati
784 1134 928 1217 dictaque
953 1134 1080 1217 dicant,

241 1245 349 1329 thue
374 1246 475 1308 sciatis
499 1247 538 1306 ab
560 1246 627 1321 his,
650 1245 676 1306 si
698 1243 824 1308 credere
846 1265 925 1307 neve
945 1247 1082 1311 velitis.²

158 1398 176 1418 ι.
244 1359 320 1421 Post
343 1359 401 1418 lios
424 1354 551 1417 direxit.
594 1352 902 1436 Veniuntquando,
927 1356 988 1418 sibi
1014 1356 1126 1425 dixit:

244 1466 302 1527 ‘Eu
325 1467 406 1546 regis
430 1467 526 1528 vestri
550 1463 670 1525 domiui
695 1465 794 1525 nostri
814 1465 865 1527 vcl
887 1464 979 1525 amici

244 1574 361 1634 Dulcia
383 1577 510 1636 narravi
530 1572 604 1635 fidei
625 1574 778 1652 legamina
798 1577 900 1654 plena,

248 1679 350 1758 Quam
373 1683 424 1764 pie
450 1681 590 1745 tractavit
616 1682 728 1743 merito
750 1702 830 1763 quoe
852 1679 985 1761 perdere
1008 1685 1136 1765 quivit.

244 1789 388 1853 Reddere
413 1794 463 1853 vel
486 1811 579 1852 sanos
600 1790 678 1849 milri
702 1801 810 1849 contra
832 1810 864 1851 se
886 1809 963 1850 nece
981 1780 1125 1869 digitos!

247 1896 340 1974 Quod
365 1896 524 1961 deservire
547 1898 755 1960 comumniter
776 1899 835 1961 hos
856 1897 943 1960 dccet
965 1912 996 1961 et
1021 1922 1090 1965 me.

244 2007 422 2071 Clementer
443 2010 535 2070 nobis
557 2006 756 2070 demandavit
776 2022 824 2071 sat
844 2007 984 2086 honoris,

245 2118 294 2181 Sis
316 2120 344 2182 ic
368 2120 524 2200 persolvet
552 2140 610 2200 per
631 2141 688 2182 vos
710 2120 796 2182 velut
816 2119 884 2199 ipse
908 2117 1109 2199 spopondit!

244 2228 336 2290 Dixit
355 2228 491 2308 legatus:
528 2230 612 2289 ‘non
637 2239 681 2288 cst
707 2227 750 2288 sic
774 2226 990 2305 morigeratus,

242 2338 286 2400 Ut
307 2338 384 2420 qnid
407 2340 575 2401 verborum
597 2338 695 2398 soleat
718 2348 839 2416 mutare
859 2356 1000 2398 suorum.

247 2447 301 2507 Est
324 2446 410 2528 qnod
436 2447 479 2507 ait
501 2467 630 2521 verum,
654 2442 768 2506 dictum
792 2444 853 2507 sibi
873 2446 944 2507 vult
963 2445 1032 2506 iore
1057 2455 1202 2515 verum?

247 2556 318 2617 Rex
341 2558 397 2617 ait:
431 2553 473 2615 ‘id
496 2554 623 2636 quando
646 2555 695 2617 vel
718 2556 773 2614 nbi
794 2556 864 2614 sore
887 2554 1004 2634 possit,
1025 2556 1058 2617 ai
1079 2561 1142 2621 tu.’

246 2663 345 2740 ‘Hoc‚’
369 2664 428 2739 ait,
449 2662 505 2723 ‘est
527 2662 622 2723 vestri
639 2661 734 2738 juris,
754 2682 830 2731 rex,
852 2661 1026 2724 induciari?
1073 2718 1075 2723 ,
1179 2698 1189 2709 -

246 2773 305 2832 ‘Tu
328 2783 430 2832 tamen
454 2770 551 2852 inque
571 2772 686 2846 locum,
710 2789 773 2851 qno
791 2770 1012 2834 conveniamus
1027 2770 1063 2831 in
1075 2793 1199 2856 unum,
1245 2756 1250 2761 Ι

246 2876 291 2941 Ut
311 2899 376 2958 pax
405 2878 487 2941 inter
508 2900 567 2941 nos
588 2878 731 2939 firmetur
752 2879 835 2938 mille
857 2901 915 2959 per
936 2878 1057 2940 annos!

248 2989 366 3052 Missus
392 2990 453 3051 ait:
496 2989 540 3050 ‘si
565 2989 664 3051 viset
693 2987 828 3050 dotrrinis
851 2988 878 3049 si
899 2989 1000 3068 placet
1020 2988 1101 3068 istis,

248 3098 323 3161 Nou
348 3110 411 3161 tam
437 3119 536 3162 nosco
569 3102 675 3161 locum
698 3098 808 3160 vestris
834 3097 1042 3161 conventibus
1061 3076 1195 3183 aptum,

248 3206 385 3287 Campus
405 3220 439 3269 ιιι
462 3221 508 3270 est
530 3210 599 3285 ille,
634 3228 698 3290 quo
720 3227 778 3269 nos
799 3206 1007 3287 pugnavimus
1031 3219 1117 3286 aute,

248 3315 335 3374 luter
359 3316 519 3376 clausuras
543 3318 643 3377 nostri
671 3317 829 3397 vestrique
852 3316 1006 3394 gemellas,

202 3420 205 3425 ’
252 3421 334 3483 8ιιιιι
358 3434 393 3483 ιιι
414 3422 470 3483 ubi
492 3423 566 3484 victi
587 3422 683 3485 vestri
707 3424 870 3505 nostrique
897 3424 1053 3507 redempti

249 3531 461 3593 Dimittuntur
478 3531 524 3593 ibi
548 3522 710 3594 nobiscum
733 3533 905 3613 pacificati?
1160 3614 1163 3619 Ι

252 3636 409 3704 Omnibus
430 3641 483 3703 ille
505 3643 593 3702 locus
619 3654 665 3703 est
685 3643 772 3704 visus
793 3641 832 3704 ad
853 3642 914 3702 hoc
935 3643 1009 3706 satis
1030 3655 1134 3725 aptus,

249 3750 387 3828 Regibus
412 3752 567 3814 ambobus
589 3753 792 3814 conventuris
823 3752 998 3831 spatiosum

250 3858 459 3942 luduciasque
480 3862 574 3925 trium
595 3859 726 3922 laudant
748 3858 787 3921 ad
811 3857 843 3919 id
867 3857 1124 3923 ebdomadarum.

250 3969 326 4031 Post
346 3969 422 4029 ltaec
444 3990 505 4030 rex
529 3969 644 4048 surgit,
664 3970 707 4029 sic
730 3969 960 4053 conciliumque
987 3969 1122 4033 diremit.

168 4080 207 4138 45
252 4079 352 4164 Inque
377 4080 561 4144 carrinatem
581 4098 651 4141 cum
674 4077 782 4159 paucis
800 4079 826 4140 it
845 4081 1035 4163 requietum.
1075 4078 1080 4088 “
