2640 4650
210 283 274 381 ete?
594 318 597 323 ·
1063 313 1139 358 xxxi

112 535 284 614 Ratpertus
307 527 479 617 utonaclsus
491 570 501 605 ,
524 524 677 602 Notkeri,
705 546 800 608 quem
825 526 869 591 in,
892 525 1061 608 sequentiis
1085 528 1143 588 mi·

114 663 241 716 ramur,
263 637 511 718 condiscipulus,
541 636 615 698 feeit
636 656 761 698 carmen
790 636 989 699 barbaricum
1023 638 1142 716 populo
1248 657 1260 675 ·

115 754 149 814 in
171 748 297 814 laudem
320 747 419 811 sancti
443 744 526 807 Galli
547 744 732 807 currendum.
776 744 862 828 quod
885 767 943 809 nos
964 747 1063 808 multo
1086 747 1144 808 im-

115 882 209 944 pares
225 858 355 935 homini,
378 869 414 918 ut
432 868 494 918 tam
517 852 616 916 duleis
634 852 770 916 melodia
785 855 881 917 latine
897 854 1028 932 luderet,
1049 876 1146 938 quam

114 969 259 1052 proxime
291 965 470 1049 potuimus,
502 962 536 1023 in
568 961 699 1023 latinum
730 962 954 1032 transtulimus.
997 983 1064 1024 nun
1089 959 1145 1026 das

40 1038 80 1094 ⁸⁹·
112 1075 175 1140 uss
206 1077 313 1138 sessu.
1070 1145 1076 1157 α

181 1195 197 1250 1
241 1157 348 1249 Nunc
369 1184 583 1268 incipiendum
606 1194 653 1245 est
675 1181 751 1245 milri
774 1201 921 1262 magnum
942 1179 1103 1262 gaudium.

167 1322 184 1357 ·.
243 1297 439 1360 Sanctiorem
458 1299 581 1358 nullum
600 1316 693 1378 quam
710 1308 851 1356 sanctum
865 1293 1006 1375 unquam
1020 1293 1145 1356 Gallum

244 1402 334 1464 Misit
352 1401 451 1461 filium
472 1402 645 1476 Hibernia,
673 1405 791 1481 recepit
809 1412 930 1481 patrem
955 1401 1083 1464 Sueuin.

246 1509 433 1572 Exultemus
456 1529 584 1586 omnes,
611 1506 777 1571 laudemus
799 1508 959 1571 Christum
979 1490 1103 1592 pariles

247 1617 379 1681 Sanctus
405 1615 612 1681 aduocantem
635 1631 666 1681 et
688 1617 923 1698 glorificantem.
991 1657 996 1663 =

183 1744 204 1798 2
247 1705 365 1797 Cursu
385 1745 521 1816 pergunt
541 1745 627 1796 rectu
649 1753 720 1794 cum
750 1733 872 1816 agmine
894 1733 1035 1811 collecto,
1132 1763 1133 1768 ¹

244 1849 320 1910 Tria
340 1843 473 1910 tranant¹
487 1847 604 1924 maria,
627 1847 802 1909 celeumant
825 1845 950 1911 Christo
969 1851 1080 1928 gloria,

246 1957 482 2034 Columbanus,
506 1958 632 2033 Gallus,
660 1954 870 2037 Magnoaldus
896 1970 928 2018 et
948 1958 1148 2042 Theodorus,

149 2124 158 2137 „
246 2065 392 2127 Chiliano
415 2066 519 2140 socio,
548 2076 620 2144 post
641 2065 751 2125 functo
773 2061 959 2141 sacerdotio,

249 2173 358 2234 Gallos
376 2182 606 2252 perungantur,
634 2170 763 2232 Francis
784 2169 1003 2234 immorantur.

186 2297 205 2351 3
249 2259 435 2360 Renouant
455 2282 639 2345 Luxouium
660 2282 695 2344 in
723 2281 840 2346 Christi
860 2285 964 2348 caulas
986 2285 1107 2356 ouium,

248 2399 337 2460 Passi
356 2400 463 2481 mechg
484 2398 589 2461 uarias
609 2396 793 2460 Brunhildle
817 2412 847 2462 et
869 2401 1014 2479 insidias,
1088 2477 1098 2495 ᾗ

245 2506 1150 2589 TristesspernuntFranciam,contenduntetinSueuiam,

249 2615 360 2679 Castro
382 2615 421 2678 de
443 2616 603 2696 Turegum
625 2615 816 2699 adnauigant
836 2617 1043 2694 Tuscenium,

247 2725 372 2787 Docent
400 2723 493 2787 fidem
515 2744 656 2806 gentem,
677 2727 787 2789 Iouem
808 2726 959 2810 linquunt
978 2723 1151 2790 ardentem.

184 2841 205 2898 4
251 2806 434 2899 Tueconio
456 2838 577 2919 ingrato
599 2840 672 2902 hine
692 2832 963 2921 excommunicato

248 2944 379 3008 Uadunt
398 2948 626 3034 indirectum,
650 2973 783 3014 examen
805 2965 839 3014 ut
862 2951 1036 3042 collectum,

248 3053 391 3134 Querunt
415 3056 552 3116 aluearia
571 3067 757 3139 temptantes
778 3060 847 3121 loca
875 3060 973 3138 uaria,

140 3175 142 3178 ⁴
249 3158 411 3219 Arbonam
440 3179 498 3239 per
517 3159 621 3223 lacum
650 3161 825 3244 aduolitant
844 3163 1046 3244 potamicum.
1095 3186 1097 3191 ’

250 3264 375 3346 Colligit
395 3266 601 3333 Uuillimarus
621 3272 692 3336 illos
716 3270 841 3335 Christo
865 3293 965 3336 carus.

184 3391 204 3446 5
237 3352 367 3461 'Pergit
387 3382 460 3443 hinc
480 3382 676 3464 Brigantium
691 3373 769 3466 grex
788 3397 894 3465 gentes
913 3386 1151 3469 baptizantium.
1167 3367 1172 3373 ’

251 3493 468 3558 columbanus
491 3500 631 3580 amplum
649 3501 700 3562 hic
719 3497 844 3561 Christo
865 3511 966 3561 sacrat
988 3503 1150 3584 templum,

248 3604 350 3667 Docet
370 3627 506 3687 paruum
534 3609 653 3671 clerum
676 3621 801 3671 cantare
824 3607 918 3670 deum
940 3628 1065 3676 uerum.
1183 3599 1186 3612 ⁴

245 3711 401 3776 Latrones
426 3727 456 3778 et
476 3714 556 3778 duos
578 3714 725 3780 occidunt
746 3719 858 3782 fratres
880 3738 964 3797 suos,
1039 3800 1041 3804 Α

132 3820 137 3832 ’
248 3822 341 3903 Fugit
364 3845 438 3888 mox
459 3826 602 3904 Italiam,
625 3840 741 3890 terrem
764 3829 876 3909 procul
906 3828 1009 3889 aliam.

122 3941 378 3967 *ιι-...κ-

192 4019 255 4080 2,4
278 4019 343 4073 fiber
367 4020 417 4074 den
445 3996 544 4078 werten
563 4022 682 4079 (tiriliano
705 4025 779 4080 sosio
803 4024 851 4079 mit
868 4023 957 4080 sother
974 4020 1080 4077 mhriit‘:
1111 4023 1149 4077 sie

118 4109 145 4162 in
164 4109 297 4164 teutonico
316 4112 427 4166 eanitnr,
988 4128 990 4133 ¹
