2640 4650
160 273 225 340 284
546 270 802 338 uculsts.

265 506 301 570 Si
321 527 434 587 prece,
461 506 488 566 si
509 505 613 586 pretio
634 506 762 565 laxatur
781 505 884 584 captio
906 517 1008 585 capto,

264 611 382 678 Obside
403 622 565 691 suscepto,
586 629 642 671 seu
663 611 755 672 firmo
778 612 818 672 sit
844 622 1051 674 sacramento.

163 726 245 784 1185
266 718 332 797 Qui
351 723 411 784 hos
427 733 520 810 tocat
538 717 578 781 ad
599 738 748 794 cameras,
768 719 927 801 piperatas
943 719 1079 801 porrigit
1092 741 1190 800 escas,

266 831 379 894 Mollia
399 843 497 892 strata
521 829 603 906 jacit,
622 849 831 910 quaecunque
852 827 983 891 tacenda
1003 830 1142 907 resolvit,

263 939 361 1002 Nulla
380 950 491 1001 catena
511 936 642 1018 premit,
679 957 737 997 nec
759 938 863 998 lerrea
882 938 987 1018 passio
1009 939 1100 1018 cogit,

263 1048 402 1125 Excors‚
423 1048 519 1109 sollus
542 1065 656 1127 eques,
679 1045 838 1106 abnormis
859 1048 1004 1125 garrulus
1024 1045 1109 1110 idem
1130 1064 1187 1128 est,

266 1159 308 1220 Et
324 1157 409 1240 perit
429 1168 467 1218 nt
492 1154 587 1234 lupus
608 1154 659 1215 hic
685 1152 841 1232 condigno
863 1155 926 1217 fine
944 1155 1163 1236 perhemptus3

160 1269 244 1329 1190
267 1264 351 1328 Nam
372 1263 464 1326 multi
492 1273 646 1344 pereunt,
671 1263 745 1344 quia
767 1281 861 1324 sensu
892 1263 998 1327 vivere
1019 1265 1141 1327 nolunt.

264 1374 338 1438 Non
366 1379 448 1452 jactu
469 1371 604 1454 lapidis,
631 1392 688 1432 nec
709 1376 789 1448 jacto
810 1371 927 1435 missile
949 1373 1071 1454 quovis,
1162 1351 1166 1355 .

271 1484 382 1566 Captio
406 1483 443 1544 fit
463 1481 556 1544 castri
579 1479 677 1556 tanti,
702 1481 768 1543 sine
794 1479 904 1560 caede,
926 1481 1053 1563 peculii,

264 1592 388 1672 Ingenii
417 1610 527 1654 sensus
551 1581 746 1670 prudentum
768 1589 859 1651 fortis
885 1601 917 1650 et
940 1600 1026 1651 astus

265 1701 397 1763 Milibus
420 1700 548 1760 armatis
576 1698 667 1759 citius
690 1696 869 1761 dominatur
888 1700 1050 1762 inhermis.

161 1814 243 1872 1195
266 1808 408 1886 Credite,
437 1806 591 1885 consocii,
618 1827 668 1868 me
688 1803 762 1873 visit
781 1806 881 1889 gratia
899 1807 1027 1870 Christi.

268 1919 459 1983 conservate
486 1916 591 1996 fidem,
613 1915 765 1980 nodosam
788 1917 894 1999 pellite
915 1916 1071 1994 fraudem,

265 2027 441 2091 Subveniat
462 2028 562 2089 frater
582 2026 690 2103 fratri,
712 2047 772 2107 pro
796 2047 890 2108 posse
911 2025 1017 2088 fideli?

197 2164 201 2171 =
267 2137 400 2198 Talibus
420 2137 516 2199 hosce
538 2154 670 2196 monens
693 2131 819 2196 Christo
841 2134 1045 2198 mandaverat
1064 2153 1183 2198 omnes.

215 2276 219 2281 ·
265 2243 354 2305 Dum
372 2242 508 2306 redeunt
526 2240 653 2323 pariter,
675 2241 792 2302 affatur
809 2242 884 2303 talia
896 2254 1014 2304 mater:

161 2356 244 2413 1200
264 2352 343 2416 ‘Cur
361 2372 438 2432 non,
457 2364 539 2430 nate,
559 2351 670 2429 refers,
693 2371 774 2432 quae
792 2371 903 2416 saevus
920 2348 1182 2434 fecerithospest’

186 2456 191 2472 ‘
606 2461 734 2524 vitulus.
900 2467 905 2476 ⁴
934 2455 938 2462 ’

262 2561 325 2642 Ὀ,
346 2575 463 2643 mater,
483 2585 594 2646 peccas
617 2564 692 2628 dum
717 2566 818 2628 tristia
840 2577 941 2629 metra
959 2564 1116 2639 retractas,

264 2672 384 2737 Taedet
405 2675 567 2756 sacrilegas
590 2678 673 2738 antri
694 2698 880 2758 percurrere
902 2695 1000 2752 curas,

179 2857 183 2861 ,
264 2784 331 2846 Has
353 2785 380 2847 si
398 2787 471 2866 plns
493 2785 614 2863 refero,
636 2783 760 2846 fastidia
786 2807 896 2866 magna
916 2784 1054 2866 parabo:

266 2893 368 2958 Dulce
390 2906 482 2957 sonat
501 2892 683 2973 modicum,
704 2896 828 2958 confert
848 2892 974 2958 fastidia
1000 2912 1159 2972 magnum.

161 3007 243 3066 1205
265 3004 460 3068 Pertuleram
480 3005 592 3082 triste,
614 3003 700 3087 quod
722 3006 765 3066 sic
787 3002 933 3066 tardastis
959 3001 1096 3090 utrique,

264 3114 399 3176 Prorsus
420 3111 590 3191 jucundam
613 3125 739 3175 noctem
761 3110 969 3195 produximus
996 3111 1097 3189 istam,

265 3223 396 3287 Possedi
418 3224 558 3300 socium,
580 3223 636 3304 qui
656 3223 764 3284 fletum
789 3221 871 3284 fudit
894 3241 1046 3299 amarum,

263 3333 397 3394 Prome
420 3353 512 3413 saepe
534 3352 649 3412 rogans
677 3332 820 3395 lacrimas
844 3331 955 3393 eduxit
982 3349 1117 3393 amaras:

261 3439 367 3502 Luter
387 3431 541 3504 ridiculud
561 3443 683 3505 famoso
705 3455 750 3504 est
772 3441 899 3503 nomine
920 3439 1021 3502 dictus

162 3553 246 3610 1210
268 3549 466 3612 “Attrectana
488 3572 614 3631 amnes,
636 3553 752 3632 piscosi
772 3550 901 3631 gurgitis
926 3549 1047 3612 heres.”

263 3658 357 3719 Hisce
379 3658 455 3718 meis
478 3660 576 3721 oculis
600 3658 728 3722 detersit
750 3661 838 3739 signa
858 3658 992 3718 meroris

262 3765 330 3828 Sub
353 3779 476 3829 noctem
498 3767 698 3850 gelidumque
721 3770 793 3831 foco
816 3768 974 3830 calefactat
996 3763 1140 3826 amicum.

214 3899 216 3903 ·
266 3875 341 3939 Non
363 3886 467 3938 tamen
493 3876 632 3942 adversis
653 3877 809 3942 insomnia
837 3876 984 3940 duximus
1014 3873 1137 3947 austris,

162 4013 446 4033 Ἢ

232 4102 304 4154 121⁰
320 4107 457 4156 antestans
475 4102 506 4154 A.
