2640 4650
487 265 869 337 wanrusulos.
1083 303 1085 306 ·
1152 263 1196 331 39

293 509 356 572 Seu
380 508 494 571 virtute
513 504 629 580 animi,
652 523 708 564 seu
731 499 962 582 desperaverat.
1005 497 1089 559 Exin

292 612 477 698 Alpharides
488 611 630 673 ‘morere’
642 611 746 691 inquit
757 611 800 670 ‘et
810 610 886 668 haec
897 609 954 668 snb
963 618 1080 670 tartara
1090 608 1234 690 transfer,

291 725 450 788 Enarrans
472 714 580 798 sociis,
608 717 694 802 quod
716 731 749 780 tu
773 720 814 779 sis
836 718 919 777 ultus
942 714 1098 778 eosdem.’'

293 837 352 898 His
375 833 466 905 dictis
485 845 632 913 torquem
656 829 735 891 collo
760 823 963 887 circumdedit
984 847 1127 890 aureum.
1162 892 1165 897 ,

166 956 249 1014 1060
292 946 371 1009 Ecce
394 942 488 1007 simul
512 941 594 1002 caesi
615 940 788 1002 volvuntur
810 938 939 1015 pulvere
962 935 1070 1012 amici,

292 1053 419 1116 Crebris
441 1048 603 1112 foedatum
625 1048 772 1109 ferientes
796 1045 931 1108 calcibus
956 1064 1077 1108 arvum.

202 1149 204 1155 ¹
289 1164 348 1225 His
371 1183 429 1224 rex
451 1159 564 1221 infelix
585 1157 659 1221 visis
684 1157 835 1236 suspirat,
866 1155 1005 1218 et‘omni

292 1271 466 1349 Aufugiens
493 1253 851 1344 studiotaterati-terga
877 1265 988 1328 cavalli

297 1379 440 1456 Scandit,
468 1393 498 1438 et
520 1376 560 1438 atl
581 1389 732 1438 moestum
757 1373 847 1435 citius
869 1375 1042 1453 Haganona
1061 1375 1192 1455 volavit,

169 1496 251 1555 1065
295 1486 554 1569 Omnimodisque
576 1485 665 1545 illum
688 1463 836 1566 precibus
859 1482 983 1546 flexisse
1008 1486 1133 1564 sategit,

293 1597 339 1661 Ut
358 1617 463 1660 secum
485 1616 615 1678 pergens
637 1615 773 1676 pugnam
800 1605 972 1675 repararet.
1015 1594 1058 1654 At
1077 1593 1130 1654 ille

292 1709 363 1770 ‘Me
383 1728 480 1788 genus
501 1705 665 1767 infandum
689 1705 837 1787 prohibet
857 1704 975 1765 bellare
997 1714 1176 1784 parentum,

288 1819 329 1880 Et
348 1818 468 1899 gelidus
486 1820 612 1896 sangnis
630 1830 767 1878 mentem
785 1816 864 1877 mihi
884 1813 1017 1896 dempsit
1036 1815 1068 1875 in
1084 1812 1205 1875 armis.'

292 1929 489 1992 Tabescebat
513 1930 597 1989 enim
621 1928 744 2007 genitor
765 1923 841 1988 dnm
863 1927 925 1985 tela
946 1920 1081 1999 videret,

167 2048 249 2104 1070
292 2039 333 2100 Et
353 2037 481 2100 timidus
501 2037 608 2098 multis
627 2038 780 2098 renuebat
801 2029 922 2116 proelia
942 2031 1058 2095 verbis.

291 2147 379 2208 Haec
403 2144 476 2204 dum
502 2150 661 2228 jactasses‚
688 2162 764 2220 rex,
792 2143 876 2201 inter
897 2151 928 2200 te
950 2138 1144 2214 comitantes,

290 2251 403 2313 Extitit
424 2249 586 2330 indignum
607 2251 707 2314 nostri
728 2250 786 2312 tibi
809 2248 926 2333 quippe
946 2248 1113 2327 juvamen!

258 2339 326 2427 Ille
346 2366 503 2426 recusanti
524 2366 668 2446 p'recibus
692 2363 897 2428 nihilominus
921 2363 1043 2424 instans
1129 2391 1132 2394 >
1206 2347 1210 2352 “

289 2480 421 2543 Talibus
443 2502 587 2545 aversum
610 2482 719 2562 satagit
739 2500 890 2546 revocare
911 2478 1047 2563 loquelis

163 2602 245 2658 1075
288 2592 468 2673 ‘Deprecor
484 2612 543 2672 per
559 2613 707 2672 superos,
732 2603 917 2671 conceptum
934 2609 1018 2670 pone
1036 2587 1188 2648 furorem.

286 2697 372 2764 liam
392 2698 432 2761 tle
456 2710 564 2762 nostra
587 2712 775 2762 contractam
798 2696 907 2760 decute
929 2699 1036 2777 culpa,

288 2808 391 2885 Quam
412 2807 476 2870 vita
498 2807 679 2884 comitante,
709 2806 836 2868 domum
857 2806 885 2866 si
904 2824 1023 2868 venero
1044 2813 1163 2879 tecum,

287 2917 440 2998 Impensis
461 2916 582 2977 tibimet
605 2917 773 2976 benefactis
796 2914 882 2978 diluo
907 2913 1023 2975 multis.

288 3027 405 3087 Nonne
427 3022 525 3104 pudet
546 3025 636 3084 sociis
657 3035 704 3084 tot
727 3024 927 3104 cognatisque
951 3021 1121 3102 peremptis

165 3138 249 3194 1080
289 3131 497 3192 Dissimulare
512 3128 638 3192 virum?
661 3132 767 3208 magis,
784 3142 819 3190 ut
832 3131 910 3190 mihi
921 3130 1038 3211 quippe
1049 3126 1185 3204 videtur,

289 3241 397 3304 Verba
413 3241 520 3304 valent
535 3241 672 3301 animum
689 3261 783 3323 qnam
799 3241 880 3302 sacta
894 3237 1031 3301 nefanda
1047 3259 1187 3301 movere.

288 3348 404 3410 lustius
426 3349 458 3409 in
482 3371 608 3412 saevum
630 3353 795 3412 tumuisses
817 3363 921 3412 mente
943 3363 1129 3431 tyrannum,

290 3456 353 3533 Qui
375 3461 460 3520 solus
483 3459 577 3523 hodie
600 3474 693 3543 caput
714 3462 920 3527 infamaverat
940 3462 1036 3524 orbis.
1072 3453 1076 3468 ¹

247 3594 248 3598 ¹
287 3569 361 3632 Non
373 3569 531 3632 modicum
543 3573 681 3653 patimur
693 3568 864 3653 dampnum
876 3569 914 3631 de
927 3568 1020 3634 caede
1032 3570 1184 3648 virorum,
1237 3547 1239 3551 ‚

233 3861 305 3909 1056
329 3855 505 3922 despimverat
531 3855 551 3907 l.
617 3855 688 3905 1062
711 3851 788 3903 iussis
815 3850 845 3902 C.
910 3853 979 3901 1063
1001 3847 1138 3911 Effugiens
1163 3843 1183 3896 Ι.

164 3951 235 3998 1065
254 3947 408 3999 omnimodis
424 3947 496 3998 illum
516 3947 537 3998 1.
593 3948 664 3997 1068
682 3943 778 3995 ademit
793 3943 825 3995 B.
848 3943 873 3994 in
892 3943 961 3993 arnis
978 3940 998 3990 Ι.
1022 3990 1025 3997 ,
1053 3942 1124 3989 1010
1143 3941 1186 3987 tu-

162 4036 249 4090 midus
267 4038 288 4089 l.
346 4039 411 4090 1011
433 4041 502 4091 inter
520 4053 548 4090 se
567 4038 587 4089 l.
643 4042 714 4090 1012
732 4051 825 4089 nomen
844 4034 890 4087 ttbt
909 4033 1005 4098 quippe
1023 4029 1137 4082 vivamus
1154 4029 1185 4082 C.

164 4133 234 4182 1016
252 4129 294 4182 Te
313 4144 378 4197 rogo
397 4129 427 4185 0.
456 4131 589 4200 Deprecor
608 4129 642 4184 ob
661 4145 769 4200 superos
787 4129 808 4183 1.
863 4129 934 4179 1018
953 4123 1030 4177 deluo
1049 4122 1080 4174 B.
